timestamp,symbol,side,order_type,price,quantity,order_id,trader_id
1764298917997,AAPL,BUY,LIMIT,149.99,500,1,1038
1764298918019,AAPL,SELL,LIMIT,150.25,1000,2,1092
1764298918049,AAPL,BUY,LIMIT,150.01,5000,3,1079
1764298918086,AAPL,SELL,LIMIT,150.12,5000,4,1057
1764298918087,AAPL,BUY,LIMIT,150.04,5000,5,1005
1764298918170,AAPL,BUY,LIMIT,150.09,2000,6,1062
1764298918175,AAPL,BUY,MARKET,0.0,500,7,1044
1764298918238,AAPL,BUY,LIMIT,149.99,200,8,1037
1764298918309,AAPL,BUY,LIMIT,149.88,1000,9,1006
1764298918314,AAPL,BUY,LIMIT,149.93,100,10,1094
1764298918357,AAPL,SELL,LIMIT,150.04,2000,11,1002
1764298918457,AAPL,BUY,LIMIT,150.0,2000,12,1080
1764298918490,AAPL,SELL,LIMIT,150.08,200,13,1024
1764298918529,AAPL,BUY,LIMIT,149.83,200,14,1072
1764298918610,AAPL,SELL,LIMIT,149.84,1000,15,1081
1764298918643,AAPL,SELL,MARKET,0.0,2000,16,1046
1764298918703,AAPL,SELL,MARKET,0.0,1000,17,1039
1764298918759,AAPL,BUY,MARKET,0.0,200,18,1088
1764298918765,AAPL,BUY,LIMIT,149.7,5000,19,1009
1764298918793,AAPL,BUY,MARKET,0.0,100,20,1036
1764298918850,AAPL,BUY,LIMIT,149.67,1000,21,1094
1764298918906,AAPL,BUY,LIMIT,149.71,200,22,1042
1764298918938,AAPL,BUY,LIMIT,149.75,5000,23,1047
1764298918979,AAPL,BUY,LIMIT,149.81,2000,24,1026
1764298919012,AAPL,BUY,MARKET,0.0,100,25,1046
1764298919026,AAPL,BUY,MARKET,0.0,1000,26,1006
1764298919035,AAPL,BUY,LIMIT,149.78,500,27,1064
1764298919123,AAPL,SELL,LIMIT,149.81,500,28,1077
1764298919177,AAPL,SELL,LIMIT,149.82,200,29,1002
1764298919255,AAPL,BUY,MARKET,0.0,200,30,1025
1764298919337,AAPL,BUY,LIMIT,149.51,500,31,1024
1764298919413,AAPL,SELL,LIMIT,149.65,100,32,1046
1764298919508,AAPL,BUY,LIMIT,149.45,200,33,1080
1764298919536,AAPL,SELL,LIMIT,149.49,500,34,1044
1764298919580,AAPL,BUY,MARKET,0.0,500,35,1066
1764298919591,AAPL,BUY,LIMIT,149.41,100,36,1063
1764298919603,AAPL,BUY,LIMIT,149.34,100,37,1010
1764298919643,AAPL,BUY,LIMIT,149.44,5000,38,1095
1764298919655,AAPL,BUY,LIMIT,149.32,1000,39,1089
1764298919726,AAPL,SELL,MARKET,0.0,500,40,1050
1764298919784,AAPL,SELL,LIMIT,149.4,500,41,1100
1764298919838,AAPL,BUY,LIMIT,149.3,100,42,1036
1764298919864,AAPL,BUY,LIMIT,149.3,5000,43,1073
1764298919956,AAPL,BUY,MARKET,0.0,1000,44,1095
1764298919991,AAPL,SELL,LIMIT,149.36,500,45,1036
1764298920062,AAPL,BUY,LIMIT,149.41,5000,46,1062
1764298920133,AAPL,SELL,LIMIT,149.36,200,47,1067
1764298920154,AAPL,BUY,LIMIT,149.33,200,48,1053
1764298920249,AAPL,BUY,MARKET,0.0,100,49,1066
1764298920256,AAPL,SELL,LIMIT,149.45,200,50,1047
1764298920353,AAPL,BUY,LIMIT,149.34,500,51,1037
1764298920450,AAPL,BUY,LIMIT,149.36,100,52,1076
1764298920545,AAPL,SELL,MARKET,0.0,1000,53,1082
1764298920626,AAPL,SELL,LIMIT,149.49,100,54,1061
1764298920714,AAPL,SELL,LIMIT,149.51,500,55,1100
1764298920804,AAPL,SELL,MARKET,0.0,500,56,1075
1764298920863,AAPL,SELL,LIMIT,149.49,1000,57,1072
1764298920924,AAPL,BUY,LIMIT,149.4,1000,58,1098
1764298921001,AAPL,SELL,MARKET,0.0,200,59,1053
1764298921089,AAPL,BUY,LIMIT,149.47,200,60,1019
1764298921178,AAPL,SELL,LIMIT,149.54,100,61,1005
1764298921216,AAPL,SELL,MARKET,0.0,200,62,1052
1764298921270,AAPL,SELL,LIMIT,149.49,100,63,1084
1764298921361,AAPL,SELL,LIMIT,149.53,100,64,1046
1764298921442,AAPL,BUY,LIMIT,149.44,200,65,1045
1764298921480,AAPL,BUY,LIMIT,149.48,200,66,1093
1764298921493,AAPL,BUY,MARKET,0.0,5000,67,1034
1764298921574,AAPL,BUY,LIMIT,149.55,200,68,1042
1764298921657,AAPL,BUY,LIMIT,149.71,200,69,1063
1764298921696,AAPL,BUY,LIMIT,149.61,200,70,1099
1764298921697,AAPL,SELL,LIMIT,149.79,1000,71,1089
1764298921735,AAPL,SELL,MARKET,0.0,200,72,1060
1764298921758,AAPL,SELL,LIMIT,149.88,500,73,1064
1764298921774,AAPL,BUY,LIMIT,149.74,500,74,1028
1764298921854,AAPL,SELL,LIMIT,149.94,1000,75,1081
1764298921901,AAPL,SELL,LIMIT,149.8,500,76,1100
1764298921988,AAPL,SELL,LIMIT,149.71,5000,77,1026
1764298922013,AAPL,SELL,MARKET,0.0,1000,78,1095
1764298922015,AAPL,SELL,MARKET,0.0,1000,79,1020
1764298922057,AAPL,BUY,LIMIT,149.59,5000,80,1050
1764298922121,AAPL,SELL,LIMIT,149.64,5000,81,1091
1764298922192,AAPL,SELL,LIMIT,149.63,5000,82,1015
1764298922209,AAPL,BUY,LIMIT,149.4,5000,83,1032
1764298922241,AAPL,SELL,LIMIT,149.57,100,84,1030
1764298922242,AAPL,SELL,LIMIT,149.65,200,85,1083
1764298922298,AAPL,BUY,LIMIT,149.41,200,86,1021
1764298922333,AAPL,BUY,MARKET,0.0,5000,87,1083
1764298922396,AAPL,BUY,MARKET,0.0,5000,88,1061
1764298922484,AAPL,SELL,LIMIT,149.53,200,89,1022
1764298922573,AAPL,BUY,LIMIT,149.43,500,90,1010
1764298922655,AAPL,SELL,MARKET,0.0,100,91,1091
1764298922733,AAPL,SELL,LIMIT,149.49,5000,92,1006
1764298922797,AAPL,BUY,LIMIT,149.39,5000,93,1079
1764298922849,AAPL,BUY,LIMIT,149.43,200,94,1001
1764298922941,AAPL,BUY,LIMIT,149.39,200,95,1028
1764298922944,AAPL,BUY,LIMIT,149.38,2000,96,1091
1764298923039,AAPL,BUY,LIMIT,149.45,2000,97,1055
1764298923047,AAPL,SELL,LIMIT,149.64,5000,98,1022
1764298923134,AAPL,BUY,MARKET,0.0,5000,99,1095
1764298923197,AAPL,BUY,LIMIT,149.63,500,100,1023
1764298923222,AAPL,BUY,LIMIT,149.53,1000,101,1063
1764298923317,AAPL,BUY,LIMIT,149.58,100,102,1086
1764298923330,AAPL,BUY,LIMIT,149.67,1000,103,1006
1764298923370,AAPL,SELL,LIMIT,149.88,200,104,1094
1764298923465,AAPL,BUY,LIMIT,149.74,1000,105,1046
1764298923556,AAPL,SELL,LIMIT,149.9,100,106,1014
1764298923607,AAPL,BUY,LIMIT,149.93,100,107,1025
1764298923641,AAPL,SELL,MARKET,0.0,200,108,1056
1764298923695,AAPL,SELL,LIMIT,149.97,1000,109,1017
1764298923698,AAPL,BUY,LIMIT,149.84,500,110,1080
1764298923742,AAPL,BUY,MARKET,0.0,500,111,1007
1764298923797,AAPL,SELL,LIMIT,150.09,500,112,1095
1764298923800,AAPL,BUY,MARKET,0.0,100,113,1014
1764298923829,AAPL,BUY,MARKET,0.0,200,114,1100
1764298923884,AAPL,SELL,LIMIT,150.09,1000,115,1047
1764298923896,AAPL,SELL,LIMIT,150.13,100,116,1092
1764298923909,AAPL,BUY,MARKET,0.0,2000,117,1032
1764298923951,AAPL,BUY,LIMIT,149.94,100,118,1075
1764298924033,AAPL,BUY,MARKET,0.0,100,119,1057
1764298924070,AAPL,SELL,LIMIT,150.1,2000,120,1040
1764298924108,AAPL,BUY,LIMIT,149.93,2000,121,1064
1764298924172,AAPL,BUY,MARKET,0.0,5000,122,1004
1764298924195,AAPL,BUY,LIMIT,150.07,5000,123,1076
1764298924209,AAPL,SELL,LIMIT,150.18,5000,124,1090
1764298924227,AAPL,SELL,LIMIT,150.2,200,125,1005
1764298924278,AAPL,BUY,LIMIT,150.13,1000,126,1017
1764298924364,AAPL,SELL,LIMIT,150.19,100,127,1061
1764298924437,AAPL,BUY,LIMIT,150.0,500,128,1076
1764298924440,AAPL,BUY,LIMIT,150.0,5000,129,1043
1764298924510,AAPL,SELL,MARKET,0.0,500,130,1067
1764298924533,AAPL,SELL,LIMIT,150.16,2000,131,1031
1764298924555,AAPL,BUY,LIMIT,149.97,2000,132,1075
1764298924593,AAPL,SELL,LIMIT,149.96,200,133,1090
1764298924621,AAPL,SELL,LIMIT,149.9,1000,134,1029
1764298924696,AAPL,BUY,LIMIT,149.84,500,135,1038
1764298924733,AAPL,BUY,LIMIT,149.84,200,136,1056
1764298924785,AAPL,BUY,LIMIT,149.95,200,137,1028
1764298924849,AAPL,BUY,MARKET,0.0,500,138,1080
1764298924922,AAPL,BUY,LIMIT,149.87,1000,139,1075
1764298924954,AAPL,SELL,MARKET,0.0,500,140,1038
1764298924998,AAPL,SELL,LIMIT,149.83,100,141,1024
1764298925026,AAPL,SELL,LIMIT,149.81,500,142,1052
1764298925092,AAPL,SELL,LIMIT,149.95,1000,143,1044
1764298925136,AAPL,SELL,LIMIT,149.89,5000,144,1058
1764298925141,AAPL,BUY,MARKET,0.0,5000,145,1056
1764298925175,AAPL,SELL,LIMIT,149.92,2000,146,1073
1764298925196,AAPL,BUY,MARKET,0.0,100,147,1049
1764298925231,AAPL,SELL,LIMIT,149.73,500,148,1031
1764298925308,AAPL,SELL,LIMIT,149.82,2000,149,1033
1764298925380,AAPL,SELL,LIMIT,149.76,1000,150,1053
1764298925391,AAPL,BUY,LIMIT,149.56,5000,151,1070
1764298925480,AAPL,SELL,LIMIT,149.8,100,152,1095
1764298925504,AAPL,BUY,LIMIT,149.76,100,153,1067
1764298925584,AAPL,SELL,LIMIT,149.8,1000,154,1047
1764298925656,AAPL,BUY,LIMIT,149.59,5000,155,1011
1764298925725,AAPL,SELL,LIMIT,149.7,1000,156,1076
1764298925786,AAPL,SELL,LIMIT,149.67,2000,157,1034
1764298925825,AAPL,BUY,LIMIT,149.63,2000,158,1074
1764298925868,AAPL,BUY,LIMIT,149.53,200,159,1003
1764298925870,AAPL,SELL,MARKET,0.0,500,160,1069
1764298925938,AAPL,SELL,MARKET,0.0,2000,161,1079
1764298925958,AAPL,SELL,MARKET,0.0,200,162,1061
1764298925999,AAPL,BUY,LIMIT,149.85,1000,163,1043
1764298926052,AAPL,BUY,LIMIT,149.76,200,164,1063
1764298926118,AAPL,BUY,LIMIT,149.67,1000,165,1034
1764298926137,AAPL,SELL,MARKET,0.0,500,166,1046
1764298926163,AAPL,BUY,LIMIT,149.62,100,167,1028
1764298926218,AAPL,BUY,LIMIT,149.63,100,168,1013
1764298926309,AAPL,BUY,LIMIT,149.65,1000,169,1033
1764298926402,AAPL,BUY,MARKET,0.0,500,170,1008
1764298926426,AAPL,SELL,MARKET,0.0,5000,171,1089
1764298926448,AAPL,SELL,LIMIT,149.61,100,172,1070
1764298926509,AAPL,SELL,LIMIT,149.58,2000,173,1087
1764298926580,AAPL,BUY,LIMIT,149.54,1000,174,1055
1764298926618,AAPL,BUY,LIMIT,149.48,2000,175,1093
1764298926717,AAPL,SELL,LIMIT,149.56,2000,176,1094
1764298926784,AAPL,SELL,LIMIT,149.67,500,177,1005
1764298926812,AAPL,SELL,LIMIT,149.61,2000,178,1044
1764298926834,AAPL,SELL,LIMIT,149.62,100,179,1070
1764298926920,AAPL,SELL,LIMIT,149.64,2000,180,1067
1764298927007,AAPL,SELL,LIMIT,149.72,5000,181,1067
1764298927077,AAPL,BUY,LIMIT,149.57,200,182,1036
1764298927122,AAPL,BUY,LIMIT,149.65,5000,183,1024
1764298927162,AAPL,BUY,MARKET,0.0,5000,184,1008
1764298927217,AAPL,BUY,MARKET,0.0,100,185,1010
1764298927239,AAPL,SELL,MARKET,0.0,5000,186,1001
1764298927301,AAPL,SELL,LIMIT,149.87,5000,187,1073
1764298927332,AAPL,SELL,MARKET,0.0,200,188,1083
1764298927397,AAPL,SELL,LIMIT,149.98,5000,189,1098
1764298927464,AAPL,BUY,LIMIT,149.81,100,190,1020
1764298927469,AAPL,SELL,LIMIT,149.86,500,191,1045
1764298927514,AAPL,SELL,LIMIT,149.9,2000,192,1033
1764298927580,AAPL,BUY,LIMIT,149.72,2000,193,1077
1764298927639,AAPL,SELL,LIMIT,149.74,200,194,1037
1764298927707,AAPL,BUY,LIMIT,149.58,500,195,1006
1764298927729,AAPL,BUY,LIMIT,149.7,1000,196,1034
1764298927821,AAPL,SELL,LIMIT,149.85,5000,197,1000
1764298927917,AAPL,SELL,LIMIT,149.89,500,198,1054
1764298927926,AAPL,BUY,LIMIT,149.72,1000,199,1050
1764298927968,AAPL,BUY,LIMIT,149.82,200,200,1072
1764298928050,AAPL,BUY,LIMIT,149.74,100,201,1016
1764298928144,AAPL,BUY,LIMIT,149.84,100,202,1027
1764298928155,AAPL,SELL,LIMIT,149.82,5000,203,1011
1764298928209,AAPL,SELL,LIMIT,149.9,5000,204,1091
1764298928219,AAPL,SELL,LIMIT,149.9,2000,205,1047
1764298928244,AAPL,SELL,MARKET,0.0,5000,206,1076
1764298928288,AAPL,SELL,MARKET,0.0,500,207,1088
1764298928352,AAPL,SELL,LIMIT,149.99,500,208,1003
1764298928373,AAPL,SELL,LIMIT,149.98,500,209,1021
1764298928453,AAPL,SELL,LIMIT,149.88,200,210,1019
1764298928498,AAPL,BUY,LIMIT,149.83,1000,211,1070
1764298928575,AAPL,BUY,LIMIT,149.85,1000,212,1022
1764298928652,AAPL,SELL,LIMIT,149.92,100,213,1060
1764298928673,AAPL,SELL,LIMIT,149.9,100,214,1063
1764298928768,AAPL,BUY,LIMIT,149.74,1000,215,1035
1764298928847,AAPL,SELL,MARKET,0.0,2000,216,1028
1764298928903,AAPL,BUY,LIMIT,149.9,500,217,1045
1764298928904,AAPL,SELL,LIMIT,150.04,2000,218,1000
1764298928985,AAPL,SELL,LIMIT,150.09,200,219,1043
1764298928999,AAPL,SELL,LIMIT,149.99,100,220,1095
1764298929057,AAPL,BUY,LIMIT,149.84,100,221,1042
1764298929149,AAPL,SELL,MARKET,0.0,2000,222,1041
1764298929211,AAPL,SELL,LIMIT,149.89,1000,223,1077
1764298929284,AAPL,SELL,LIMIT,149.92,1000,224,1027
1764298929357,AAPL,SELL,LIMIT,149.9,1000,225,1055
1764298929374,AAPL,SELL,LIMIT,149.86,5000,226,1068
1764298929403,AAPL,BUY,LIMIT,149.75,5000,227,1017
1764298929496,AAPL,BUY,MARKET,0.0,200,228,1019
1764298929564,AAPL,BUY,LIMIT,149.87,2000,229,1090
1764298929611,AAPL,BUY,LIMIT,149.84,5000,230,1100
1764298929678,AAPL,SELL,MARKET,0.0,500,231,1020
1764298929733,AAPL,SELL,LIMIT,150.07,500,232,1049
1764298929769,AAPL,SELL,LIMIT,149.97,5000,233,1006
1764298929827,AAPL,BUY,LIMIT,149.89,1000,234,1072
1764298929921,AAPL,BUY,MARKET,0.0,200,235,1040
1764298929968,AAPL,BUY,LIMIT,149.97,500,236,1058
1764298930034,AAPL,SELL,MARKET,0.0,5000,237,1042
1764298930134,AAPL,BUY,LIMIT,150.01,500,238,1066
1764298930215,AAPL,SELL,LIMIT,150.17,5000,239,1012
1764298930285,AAPL,SELL,LIMIT,150.2,1000,240,1028
1764298930308,AAPL,BUY,LIMIT,149.95,2000,241,1094
1764298930331,AAPL,SELL,LIMIT,150.1,1000,242,1078
1764298930363,AAPL,BUY,LIMIT,149.95,2000,243,1049
1764298930391,AAPL,SELL,LIMIT,150.07,100,244,1048
1764298930409,AAPL,SELL,MARKET,0.0,5000,245,1015
1764298930447,AAPL,SELL,LIMIT,149.99,100,246,1045
1764298930514,AAPL,BUY,LIMIT,149.87,500,247,1095
1764298930585,AAPL,SELL,LIMIT,150.09,5000,248,1054
1764298930618,AAPL,SELL,LIMIT,150.16,500,249,1036
1764298930707,AAPL,BUY,LIMIT,150.05,5000,250,1024
1764298930762,AAPL,BUY,LIMIT,150.14,200,251,1081
1764298930819,AAPL,BUY,LIMIT,150.08,500,252,1100
1764298930919,AAPL,BUY,MARKET,0.0,500,253,1020
1764298930985,AAPL,BUY,MARKET,0.0,2000,254,1033
1764298931002,AAPL,BUY,LIMIT,149.96,5000,255,1010
1764298931070,AAPL,BUY,LIMIT,149.88,1000,256,1067
1764298931110,AAPL,SELL,MARKET,0.0,2000,257,1060
1764298931122,AAPL,BUY,LIMIT,149.84,1000,258,1045
1764298931207,AAPL,SELL,LIMIT,149.96,2000,259,1031
1764298931223,AAPL,SELL,LIMIT,149.88,500,260,1033
1764298931277,AAPL,SELL,LIMIT,150.02,5000,261,1089
1764298931332,AAPL,SELL,LIMIT,149.93,1000,262,1064
1764298931406,AAPL,BUY,LIMIT,149.84,100,263,1082
1764298931413,AAPL,BUY,LIMIT,149.76,200,264,1088
1764298931418,AAPL,BUY,LIMIT,149.92,100,265,1041
1764298931422,AAPL,BUY,MARKET,0.0,500,266,1087
1764298931466,AAPL,SELL,LIMIT,150.08,200,267,1050
1764298931476,AAPL,BUY,LIMIT,149.93,500,268,1063
1764298931528,AAPL,BUY,LIMIT,150.07,5000,269,1051
1764298931539,AAPL,SELL,MARKET,0.0,500,270,1099
1764298931565,AAPL,BUY,LIMIT,150.12,200,271,1022
1764298931588,AAPL,BUY,LIMIT,150.05,1000,272,1087
1764298931646,AAPL,SELL,LIMIT,150.23,100,273,1009
1764298931681,AAPL,BUY,LIMIT,150.11,100,274,1099
1764298931780,AAPL,BUY,LIMIT,150.06,200,275,1069
1764298931797,AAPL,SELL,LIMIT,150.07,100,276,1040
1764298931891,AAPL,BUY,MARKET,0.0,100,277,1037
1764298931956,AAPL,BUY,LIMIT,149.91,1000,278,1031
1764298931982,AAPL,BUY,LIMIT,149.92,200,279,1091
1764298932038,AAPL,SELL,LIMIT,150.11,1000,280,1060
1764298932059,AAPL,BUY,LIMIT,149.9,100,281,1063
1764298932131,AAPL,BUY,LIMIT,149.98,200,282,1074
1764298932174,AAPL,SELL,MARKET,0.0,5000,283,1003
1764298932224,AAPL,SELL,LIMIT,150.18,100,284,1000
1764298932251,AAPL,SELL,LIMIT,150.15,2000,285,1091
1764298932261,AAPL,SELL,LIMIT,150.06,1000,286,1023
1764298932310,AAPL,SELL,LIMIT,149.97,500,287,1049
1764298932342,AAPL,SELL,LIMIT,150.01,5000,288,1078
1764298932412,AAPL,BUY,MARKET,0.0,100,289,1000
1764298932474,AAPL,SELL,LIMIT,150.01,5000,290,1065
1764298932572,AAPL,SELL,LIMIT,150.03,100,291,1079
1764298932602,AAPL,SELL,LIMIT,149.92,200,292,1085
1764298932642,AAPL,SELL,LIMIT,149.87,5000,293,1075
1764298932686,AAPL,SELL,LIMIT,149.87,1000,294,1040
1764298932773,AAPL,SELL,LIMIT,149.92,200,295,1092
1764298932812,AAPL,SELL,LIMIT,149.9,200,296,1001
1764298932844,AAPL,BUY,MARKET,0.0,100,297,1091
1764298932868,AAPL,BUY,LIMIT,149.83,2000,298,1085
1764298932932,AAPL,SELL,LIMIT,150.02,2000,299,1036
1764298933025,AAPL,BUY,LIMIT,149.85,100,300,1087
1764298933026,AAPL,BUY,MARKET,0.0,1000,301,1061
1764298933047,AAPL,BUY,LIMIT,149.95,200,302,1061
1764298933087,AAPL,BUY,LIMIT,149.99,200,303,1027
1764298933121,AAPL,SELL,LIMIT,150.16,200,304,1087
1764298933195,AAPL,SELL,LIMIT,150.18,2000,305,1028
1764298933274,AAPL,BUY,MARKET,0.0,1000,306,1010
1764298933275,AAPL,BUY,MARKET,0.0,200,307,1099
1764298933287,AAPL,BUY,LIMIT,149.91,200,308,1093
1764298933348,AAPL,SELL,LIMIT,149.92,200,309,1072
1764298933397,AAPL,SELL,LIMIT,149.9,1000,310,1027
1764298933441,AAPL,SELL,LIMIT,149.87,100,311,1099
1764298933539,AAPL,BUY,LIMIT,149.78,1000,312,1079
1764298933570,AAPL,BUY,LIMIT,149.8,200,313,1038
1764298933617,AAPL,SELL,MARKET,0.0,2000,314,1029
1764298933714,AAPL,SELL,LIMIT,149.83,5000,315,1007
1764298933758,AAPL,BUY,LIMIT,149.72,1000,316,1080
1764298933760,AAPL,SELL,LIMIT,149.73,2000,317,1060
1764298933793,AAPL,BUY,MARKET,0.0,100,318,1033
1764298933875,AAPL,BUY,LIMIT,149.59,200,319,1088
1764298933899,AAPL,SELL,LIMIT,149.77,500,320,1041
1764298933936,AAPL,BUY,LIMIT,149.57,1000,321,1022
1764298933993,AAPL,SELL,LIMIT,149.6,500,322,1072
1764298934065,AAPL,SELL,MARKET,0.0,2000,323,1004
1764298934082,AAPL,BUY,LIMIT,149.53,500,324,1035
1764298934165,AAPL,SELL,LIMIT,149.52,100,325,1098
1764298934265,AAPL,BUY,MARKET,0.0,500,326,1036
1764298934339,AAPL,BUY,MARKET,0.0,5000,327,1032
1764298934396,AAPL,BUY,LIMIT,149.44,5000,328,1007
1764298934403,AAPL,SELL,MARKET,0.0,100,329,1100
1764298934426,AAPL,BUY,LIMIT,149.38,500,330,1010
1764298934437,AAPL,BUY,LIMIT,149.31,500,331,1012
1764298934443,AAPL,BUY,LIMIT,149.37,100,332,1018
1764298934484,AAPL,SELL,LIMIT,149.46,5000,333,1006
1764298934508,AAPL,SELL,LIMIT,149.45,1000,334,1052
1764298934522,AAPL,BUY,MARKET,0.0,1000,335,1069
1764298934555,AAPL,BUY,LIMIT,149.36,500,336,1082
1764298934622,AAPL,BUY,LIMIT,149.39,500,337,1059
1764298934624,AAPL,BUY,LIMIT,149.32,5000,338,1023
1764298934700,AAPL,BUY,LIMIT,149.34,1000,339,1073
1764298934745,AAPL,SELL,LIMIT,149.44,100,340,1063
1764298934809,AAPL,SELL,LIMIT,149.44,1000,341,1049
1764298934890,AAPL,BUY,LIMIT,149.41,5000,342,1044
1764298934893,AAPL,BUY,LIMIT,149.45,200,343,1016
1764298934988,AAPL,SELL,LIMIT,149.49,1000,344,1046
1764298935021,AAPL,SELL,MARKET,0.0,1000,345,1092
1764298935076,AAPL,BUY,LIMIT,149.4,5000,346,1028
1764298935100,AAPL,SELL,MARKET,0.0,2000,347,1044
1764298935175,AAPL,SELL,MARKET,0.0,100,348,1015
1764298935231,AAPL,SELL,LIMIT,149.37,5000,349,1023
1764298935325,AAPL,SELL,MARKET,0.0,2000,350,1087
1764298935420,AAPL,SELL,LIMIT,149.23,1000,351,1023
1764298935509,AAPL,SELL,LIMIT,149.18,100,352,1057
1764298935552,AAPL,BUY,LIMIT,149.05,100,353,1098
1764298935554,AAPL,BUY,LIMIT,149.1,100,354,1013
1764298935642,AAPL,BUY,LIMIT,149.04,2000,355,1042
1764298935712,AAPL,SELL,LIMIT,149.27,200,356,1092
1764298935729,AAPL,SELL,MARKET,0.0,100,357,1054
1764298935740,AAPL,SELL,MARKET,0.0,100,358,1099
1764298935803,AAPL,SELL,LIMIT,149.18,1000,359,1050
1764298935870,AAPL,BUY,LIMIT,149.18,200,360,1033
1764298935903,AAPL,BUY,LIMIT,149.09,5000,361,1080
1764298935986,AAPL,BUY,MARKET,0.0,200,362,1001
1764298936072,AAPL,BUY,LIMIT,149.14,200,363,1085
1764298936150,AAPL,SELL,LIMIT,149.21,2000,364,1062
1764298936221,AAPL,SELL,LIMIT,149.11,1000,365,1041
1764298936233,AAPL,SELL,LIMIT,149.1,200,366,1015
1764298936276,AAPL,SELL,LIMIT,149.12,100,367,1010
1764298936330,AAPL,BUY,LIMIT,149.04,2000,368,1056
1764298936401,AAPL,SELL,LIMIT,149.23,1000,369,1016
1764298936449,AAPL,SELL,LIMIT,149.28,200,370,1061
1764298936466,AAPL,SELL,LIMIT,149.26,5000,371,1065
1764298936501,AAPL,BUY,LIMIT,149.21,2000,372,1085
1764298936560,AAPL,BUY,LIMIT,149.12,1000,373,1072
1764298936640,AAPL,BUY,LIMIT,149.09,100,374,1009
1764298936718,AAPL,SELL,LIMIT,149.15,5000,375,1092
1764298936769,AAPL,BUY,LIMIT,149.1,100,376,1087
1764298936817,AAPL,SELL,LIMIT,149.22,200,377,1039
1764298936868,AAPL,BUY,LIMIT,149.03,1000,378,1036
1764298936934,AAPL,SELL,LIMIT,149.25,500,379,1057
1764298936972,AAPL,BUY,LIMIT,149.06,5000,380,1010
1764298937021,AAPL,BUY,LIMIT,149.14,100,381,1031
1764298937075,AAPL,BUY,LIMIT,149.06,100,382,1053
1764298937130,AAPL,SELL,LIMIT,149.07,200,383,1063
1764298937147,AAPL,BUY,MARKET,0.0,5000,384,1055
1764298937228,AAPL,SELL,LIMIT,149.16,100,385,1083
1764298937299,AAPL,BUY,LIMIT,148.91,500,386,1056
1764298937363,AAPL,SELL,LIMIT,148.98,200,387,1070
1764298937367,AAPL,SELL,LIMIT,148.92,500,388,1025
1764298937384,AAPL,SELL,MARKET,0.0,100,389,1010
1764298937448,AAPL,SELL,LIMIT,148.99,1000,390,1038
1764298937526,AAPL,BUY,LIMIT,148.97,100,391,1083
1764298937613,AAPL,BUY,LIMIT,148.9,100,392,1075
1764298937654,AAPL,SELL,LIMIT,148.97,5000,393,1089
1764298937663,AAPL,BUY,LIMIT,148.9,200,394,1012
1764298937759,AAPL,BUY,MARKET,0.0,1000,395,1042
1764298937842,AAPL,SELL,LIMIT,148.93,1000,396,1049
1764298937869,AAPL,BUY,LIMIT,148.94,500,397,1071
1764298937871,AAPL,BUY,LIMIT,148.93,200,398,1099
1764298937919,AAPL,BUY,LIMIT,148.92,5000,399,1050
1764298938019,AAPL,SELL,LIMIT,149.05,100,400,1028
1764298938080,AAPL,BUY,LIMIT,148.95,1000,401,1018
1764298938104,AAPL,BUY,LIMIT,148.82,200,402,1097
1764298938176,AAPL,SELL,MARKET,0.0,200,403,1002
1764298938194,AAPL,SELL,LIMIT,149.07,100,404,1058
1764298938205,AAPL,BUY,MARKET,0.0,200,405,1087
1764298938224,AAPL,BUY,LIMIT,148.91,1000,406,1005
1764298938309,AAPL,BUY,LIMIT,148.94,2000,407,1067
1764298938351,AAPL,SELL,LIMIT,149.04,100,408,1083
1764298938379,AAPL,BUY,LIMIT,148.81,2000,409,1099
1764298938445,AAPL,BUY,LIMIT,148.78,1000,410,1087
1764298938506,AAPL,SELL,LIMIT,148.98,2000,411,1040
1764298938515,AAPL,SELL,LIMIT,149.09,1000,412,1069
1764298938556,AAPL,BUY,MARKET,0.0,200,413,1039
1764298938572,AAPL,BUY,LIMIT,149.0,1000,414,1094
1764298938601,AAPL,SELL,LIMIT,149.06,2000,415,1091
1764298938648,AAPL,SELL,LIMIT,149.17,200,416,1078
1764298938745,AAPL,SELL,LIMIT,149.13,2000,417,1049
1764298938831,AAPL,BUY,LIMIT,149.11,5000,418,1092
1764298938882,AAPL,SELL,LIMIT,149.25,500,419,1031
1764298938908,AAPL,SELL,LIMIT,149.24,200,420,1002
1764298938990,AAPL,SELL,MARKET,0.0,5000,421,1024
1764298939090,AAPL,SELL,LIMIT,149.28,100,422,1022
1764298939175,AAPL,SELL,LIMIT,149.16,500,423,1053
1764298939236,AAPL,BUY,LIMIT,149.04,100,424,1024
1764298939317,AAPL,BUY,LIMIT,149.04,2000,425,1049
1764298939372,AAPL,SELL,LIMIT,149.06,500,426,1081
1764298939396,AAPL,SELL,LIMIT,149.16,200,427,1004
1764298939427,AAPL,BUY,LIMIT,149.03,1000,428,1006
1764298939445,AAPL,BUY,MARKET,0.0,1000,429,1008
1764298939520,AAPL,BUY,LIMIT,149.04,5000,430,1093
1764298939572,AAPL,SELL,LIMIT,149.2,200,431,1011
1764298939582,AAPL,SELL,LIMIT,149.11,100,432,1010
1764298939617,AAPL,BUY,MARKET,0.0,2000,433,1015
1764298939670,AAPL,BUY,MARKET,0.0,2000,434,1043
1764298939726,AAPL,SELL,LIMIT,149.23,5000,435,1078
1764298939737,AAPL,SELL,LIMIT,149.15,200,436,1063
1764298939815,AAPL,SELL,LIMIT,149.15,100,437,1004
1764298939873,AAPL,BUY,LIMIT,149.12,2000,438,1016
1764298939957,AAPL,BUY,LIMIT,149.14,500,439,1066
1764298939983,AAPL,BUY,LIMIT,149.09,500,440,1085
1764298940052,AAPL,BUY,LIMIT,149.04,200,441,1047
1764298940076,AAPL,SELL,LIMIT,149.12,2000,442,1070
1764298940099,AAPL,BUY,LIMIT,149.02,200,443,1033
1764298940135,AAPL,SELL,MARKET,0.0,2000,444,1052
1764298940147,AAPL,BUY,LIMIT,148.84,100,445,1051
1764298940226,AAPL,SELL,LIMIT,148.92,1000,446,1055
1764298940232,AAPL,SELL,MARKET,0.0,100,447,1078
1764298940316,AAPL,SELL,LIMIT,149.05,1000,448,1057
1764298940358,AAPL,BUY,MARKET,0.0,500,449,1078
1764298940395,AAPL,SELL,LIMIT,149.09,2000,450,1065
1764298940421,AAPL,SELL,LIMIT,149.0,2000,451,1076
1764298940436,AAPL,BUY,LIMIT,148.97,2000,452,1029
1764298940485,AAPL,SELL,LIMIT,148.97,1000,453,1043
1764298940585,AAPL,BUY,LIMIT,148.9,500,454,1010
1764298940676,AAPL,SELL,MARKET,0.0,200,455,1057
1764298940739,AAPL,SELL,LIMIT,149.0,5000,456,1082
1764298940831,AAPL,BUY,LIMIT,148.95,500,457,1069
1764298940903,AAPL,SELL,MARKET,0.0,100,458,1039
1764298940976,AAPL,BUY,LIMIT,149.11,100,459,1078
1764298941017,AAPL,SELL,LIMIT,149.28,500,460,1074
1764298941107,AAPL,SELL,LIMIT,149.35,1000,461,1074
1764298941178,AAPL,BUY,LIMIT,149.1,2000,462,1061
1764298941241,AAPL,SELL,LIMIT,149.24,1000,463,1096
1764298941254,AAPL,BUY,LIMIT,149.12,1000,464,1086
1764298941277,AAPL,SELL,MARKET,0.0,500,465,1090
1764298941337,AAPL,BUY,LIMIT,149.2,200,466,1048
1764298941353,AAPL,BUY,LIMIT,149.26,1000,467,1047
1764298941396,AAPL,SELL,LIMIT,149.27,2000,468,1035
1764298941409,AAPL,SELL,LIMIT,149.25,100,469,1033
1764298941508,AAPL,BUY,LIMIT,149.09,200,470,1081
1764298941555,AAPL,BUY,LIMIT,149.13,5000,471,1090
1764298941606,AAPL,BUY,LIMIT,149.11,1000,472,1033
1764298941642,AAPL,SELL,MARKET,0.0,1000,473,1047
1764298941692,AAPL,SELL,LIMIT,149.24,2000,474,1008
1764298941732,AAPL,SELL,LIMIT,149.27,5000,475,1087
1764298941793,AAPL,BUY,LIMIT,149.18,5000,476,1003
1764298941798,AAPL,BUY,LIMIT,149.27,500,477,1100
1764298941869,AAPL,SELL,LIMIT,149.39,2000,478,1018
1764298941905,AAPL,BUY,LIMIT,149.29,5000,479,1000
1764298941947,AAPL,BUY,MARKET,0.0,2000,480,1016
1764298942047,AAPL,SELL,LIMIT,149.33,100,481,1035
1764298942079,AAPL,BUY,LIMIT,149.18,5000,482,1038
1764298942157,AAPL,SELL,LIMIT,149.25,200,483,1043
1764298942166,AAPL,BUY,MARKET,0.0,5000,484,1051
1764298942174,AAPL,SELL,LIMIT,149.19,500,485,1032
1764298942192,AAPL,SELL,LIMIT,149.12,2000,486,1014
1764298942250,AAPL,BUY,LIMIT,149.0,1000,487,1046
1764298942272,AAPL,SELL,MARKET,0.0,200,488,1001
1764298942351,AAPL,BUY,MARKET,0.0,500,489,1019
1764298942424,AAPL,BUY,LIMIT,149.1,500,490,1086
1764298942511,AAPL,SELL,LIMIT,149.13,5000,491,1057
1764298942568,AAPL,BUY,LIMIT,149.02,200,492,1015
1764298942612,AAPL,SELL,LIMIT,149.11,500,493,1055
1764298942700,AAPL,BUY,LIMIT,149.11,5000,494,1004
1764298942768,AAPL,SELL,LIMIT,149.25,1000,495,1052
1764298942799,AAPL,BUY,LIMIT,149.07,500,496,1058
1764298942884,AAPL,SELL,LIMIT,149.22,500,497,1056
1764298942951,AAPL,SELL,LIMIT,149.29,2000,498,1085
1764298942963,AAPL,SELL,LIMIT,149.31,200,499,1044
1764298943039,AAPL,SELL,LIMIT,149.29,500,500,1038
1764298943098,AAPL,BUY,LIMIT,149.23,1000,501,1067
1764298943100,AAPL,SELL,LIMIT,149.43,1000,502,1032
1764298943161,AAPL,BUY,LIMIT,149.24,5000,503,1096
1764298943168,AAPL,SELL,LIMIT,149.3,2000,504,1068
1764298943175,AAPL,BUY,LIMIT,149.09,1000,505,1071
1764298943254,AAPL,BUY,LIMIT,149.21,500,506,1057
1764298943316,AAPL,SELL,LIMIT,149.18,1000,507,1051
1764298943375,AAPL,BUY,MARKET,0.0,500,508,1061
1764298943395,AAPL,SELL,MARKET,0.0,5000,509,1005
1764298943438,AAPL,BUY,LIMIT,149.17,200,510,1086
1764298943454,AAPL,SELL,LIMIT,149.24,1000,511,1065
1764298943486,AAPL,SELL,MARKET,0.0,200,512,1099
1764298943534,AAPL,BUY,LIMIT,149.18,1000,513,1087
1764298943574,AAPL,BUY,MARKET,0.0,1000,514,1022
1764298943664,AAPL,SELL,LIMIT,149.31,5000,515,1099
1764298943672,AAPL,SELL,LIMIT,149.2,100,516,1016
1764298943714,AAPL,SELL,LIMIT,149.24,2000,517,1040
1764298943715,AAPL,SELL,LIMIT,149.18,500,518,1093
1764298943780,AAPL,BUY,LIMIT,149.02,100,519,1006
1764298943791,AAPL,SELL,LIMIT,149.13,500,520,1035
1764298943806,AAPL,BUY,LIMIT,148.98,100,521,1082
1764298943808,AAPL,SELL,LIMIT,149.09,500,522,1061
1764298943903,AAPL,SELL,LIMIT,149.07,200,523,1038
1764298944002,AAPL,SELL,LIMIT,149.14,100,524,1099
1764298944066,AAPL,SELL,LIMIT,149.07,1000,525,1065
1764298944074,AAPL,SELL,LIMIT,149.06,2000,526,1083
1764298944077,AAPL,BUY,LIMIT,148.96,5000,527,1085
1764298944115,AAPL,SELL,LIMIT,149.02,5000,528,1079
1764298944138,AAPL,SELL,LIMIT,148.99,200,529,1064
1764298944198,AAPL,BUY,MARKET,0.0,1000,530,1098
1764298944270,AAPL,BUY,LIMIT,149.03,100,531,1088
1764298944331,AAPL,SELL,LIMIT,149.18,2000,532,1073
1764298944354,AAPL,BUY,LIMIT,149.07,500,533,1023
1764298944357,AAPL,SELL,LIMIT,149.26,2000,534,1059
1764298944419,AAPL,BUY,MARKET,0.0,5000,535,1054
1764298944506,AAPL,SELL,LIMIT,149.18,2000,536,1098
1764298944529,AAPL,BUY,LIMIT,149.05,100,537,1088
1764298944615,AAPL,SELL,LIMIT,149.08,100,538,1060
1764298944678,AAPL,BUY,LIMIT,149.01,5000,539,1020
1764298944691,AAPL,SELL,LIMIT,149.07,500,540,1039
1764298944733,AAPL,BUY,LIMIT,148.97,500,541,1019
1764298944791,AAPL,SELL,MARKET,0.0,2000,542,1063
1764298944818,AAPL,SELL,LIMIT,149.19,2000,543,1079
1764298944841,AAPL,SELL,MARKET,0.0,200,544,1004
1764298944875,AAPL,BUY,LIMIT,149.15,100,545,1041
1764298944904,AAPL,SELL,LIMIT,149.18,100,546,1014
1764298944951,AAPL,SELL,LIMIT,149.2,5000,547,1039
1764298945029,AAPL,SELL,LIMIT,149.12,100,548,1098
1764298945120,AAPL,BUY,LIMIT,148.97,5000,549,1093
1764298945194,AAPL,SELL,LIMIT,148.98,500,550,1084
1764298945261,AAPL,BUY,MARKET,0.0,5000,551,1049
1764298945321,AAPL,SELL,LIMIT,149.12,2000,552,1060
1764298945409,AAPL,SELL,LIMIT,149.19,1000,553,1029
1764298945498,AAPL,SELL,LIMIT,149.32,2000,554,1066
1764298945554,AAPL,BUY,LIMIT,149.11,500,555,1014
1764298945610,AAPL,SELL,LIMIT,149.23,5000,556,1001
1764298945687,AAPL,BUY,LIMIT,149.09,1000,557,1024
1764298945758,AAPL,SELL,LIMIT,149.29,2000,558,1036
1764298945782,AAPL,BUY,LIMIT,149.14,1000,559,1014
1764298945788,AAPL,SELL,LIMIT,149.34,1000,560,1050
1764298945797,AAPL,SELL,LIMIT,149.27,100,561,1076
1764298945880,AAPL,BUY,LIMIT,149.29,200,562,1012
1764298945946,AAPL,SELL,LIMIT,149.31,1000,563,1034
1764298945961,AAPL,SELL,LIMIT,149.4,500,564,1003
1764298946002,AAPL,SELL,MARKET,0.0,100,565,1064
1764298946057,AAPL,BUY,LIMIT,149.17,100,566,1096
1764298946079,AAPL,BUY,LIMIT,149.07,1000,567,1089
1764298946105,AAPL,SELL,LIMIT,149.1,2000,568,1006
1764298946169,AAPL,SELL,LIMIT,149.2,500,569,1037
1764298946239,AAPL,BUY,LIMIT,149.15,5000,570,1093
1764298946324,AAPL,BUY,LIMIT,149.21,5000,571,1043
1764298946375,AAPL,SELL,MARKET,0.0,500,572,1013
1764298946451,AAPL,SELL,MARKET,0.0,1000,573,1000
1764298946460,AAPL,BUY,LIMIT,149.23,1000,574,1049
1764298946540,AAPL,SELL,LIMIT,149.25,100,575,1086
1764298946618,AAPL,SELL,MARKET,0.0,2000,576,1003
1764298946671,AAPL,BUY,LIMIT,149.1,500,577,1089
1764298946705,AAPL,BUY,MARKET,0.0,5000,578,1077
1764298946724,AAPL,BUY,MARKET,0.0,5000,579,1010
1764298946738,AAPL,SELL,LIMIT,149.2,200,580,1070
1764298946792,AAPL,BUY,LIMIT,149.06,100,581,1036
1764298946802,AAPL,BUY,LIMIT,149.06,1000,582,1088
1764298946815,AAPL,SELL,LIMIT,149.07,200,583,1060
1764298946852,AAPL,SELL,LIMIT,149.1,5000,584,1041
1764298946945,AAPL,SELL,LIMIT,149.14,100,585,1019
1764298947006,AAPL,BUY,LIMIT,149.06,200,586,1081
1764298947050,AAPL,SELL,MARKET,0.0,2000,587,1051
1764298947081,AAPL,SELL,LIMIT,149.27,500,588,1053
1764298947161,AAPL,SELL,MARKET,0.0,200,589,1024
1764298947187,AAPL,BUY,LIMIT,149.2,1000,590,1080
1764298947275,AAPL,BUY,LIMIT,149.13,2000,591,1061
1764298947341,AAPL,BUY,MARKET,0.0,2000,592,1062
1764298947417,AAPL,SELL,LIMIT,149.27,1000,593,1047
1764298947516,AAPL,BUY,LIMIT,149.12,5000,594,1035
1764298947595,AAPL,SELL,MARKET,0.0,500,595,1027
1764298947618,AAPL,BUY,LIMIT,149.02,200,596,1048
1764298947702,AAPL,BUY,LIMIT,149.05,5000,597,1092
1764298947769,AAPL,SELL,LIMIT,149.1,2000,598,1048
1764298947835,AAPL,SELL,MARKET,0.0,1000,599,1029
1764298947885,AAPL,SELL,LIMIT,149.06,500,600,1022
1764298947971,AAPL,SELL,LIMIT,149.1,500,601,1014
1764298948050,AAPL,SELL,LIMIT,149.13,2000,602,1073
1764298948118,AAPL,SELL,LIMIT,149.14,200,603,1088
1764298948124,AAPL,SELL,LIMIT,149.07,500,604,1005
1764298948184,AAPL,BUY,LIMIT,148.96,500,605,1017
1764298948234,AAPL,SELL,LIMIT,149.19,2000,606,1042
1764298948255,AAPL,SELL,LIMIT,149.22,5000,607,1069
1764298948306,AAPL,BUY,LIMIT,149.08,5000,608,1051
1764298948317,AAPL,SELL,MARKET,0.0,5000,609,1002
1764298948411,AAPL,SELL,LIMIT,149.06,1000,610,1092
1764298948483,AAPL,SELL,LIMIT,149.11,100,611,1071
1764298948572,AAPL,SELL,LIMIT,149.14,2000,612,1042
1764298948575,AAPL,BUY,LIMIT,148.94,2000,613,1068
1764298948607,AAPL,BUY,LIMIT,148.99,2000,614,1011
1764298948651,AAPL,BUY,LIMIT,149.05,100,615,1024
1764298948695,AAPL,BUY,LIMIT,148.91,100,616,1054
1764298948731,AAPL,SELL,MARKET,0.0,5000,617,1000
1764298948822,AAPL,SELL,LIMIT,149.12,2000,618,1028
1764298948859,AAPL,BUY,MARKET,0.0,5000,619,1069
1764298948885,AAPL,SELL,LIMIT,149.03,2000,620,1049
1764298948966,AAPL,BUY,MARKET,0.0,5000,621,1092
1764298948996,AAPL,BUY,MARKET,0.0,1000,622,1093
1764298949026,AAPL,BUY,MARKET,0.0,1000,623,1015
1764298949067,AAPL,SELL,LIMIT,149.08,1000,624,1085
1764298949118,AAPL,SELL,LIMIT,149.05,5000,625,1092
1764298949191,AAPL,SELL,LIMIT,149.18,200,626,1009
1764298949280,AAPL,SELL,LIMIT,149.05,100,627,1098
1764298949285,AAPL,BUY,MARKET,0.0,200,628,1077
1764298949325,AAPL,BUY,LIMIT,149.05,5000,629,1077
1764298949342,AAPL,SELL,LIMIT,149.14,5000,630,1018
1764298949377,AAPL,BUY,LIMIT,148.98,1000,631,1015
1764298949400,AAPL,SELL,LIMIT,148.97,5000,632,1051
1764298949426,AAPL,SELL,MARKET,0.0,1000,633,1053
1764298949484,AAPL,BUY,LIMIT,148.7,200,634,1049
1764298949539,AAPL,BUY,LIMIT,148.68,500,635,1022
1764298949616,AAPL,BUY,LIMIT,148.61,100,636,1063
1764298949713,AAPL,SELL,LIMIT,148.7,2000,637,1030
1764298949723,AAPL,BUY,LIMIT,148.58,2000,638,1087
1764298949820,AAPL,BUY,LIMIT,148.53,1000,639,1087
1764298949828,AAPL,BUY,MARKET,0.0,100,640,1003
1764298949880,AAPL,BUY,LIMIT,148.41,100,641,1003
1764298949891,AAPL,BUY,LIMIT,148.4,100,642,1089
1764298949905,AAPL,SELL,MARKET,0.0,1000,643,1014
1764298949937,AAPL,BUY,LIMIT,148.52,5000,644,1015
1764298949938,AAPL,BUY,MARKET,0.0,100,645,1062
1764298949978,AAPL,BUY,MARKET,0.0,5000,646,1035
1764298950046,AAPL,BUY,LIMIT,148.68,5000,647,1031
1764298950081,AAPL,SELL,LIMIT,148.76,1000,648,1070
1764298950158,AAPL,SELL,LIMIT,148.68,200,649,1010
1764298950218,AAPL,BUY,LIMIT,148.55,100,650,1083
1764298950272,AAPL,SELL,LIMIT,148.73,1000,651,1100
1764298950290,AAPL,BUY,LIMIT,148.59,100,652,1014
1764298950311,AAPL,SELL,LIMIT,148.76,5000,653,1043
1764298950389,AAPL,SELL,LIMIT,148.76,500,654,1001
1764298950398,AAPL,SELL,LIMIT,148.73,200,655,1012
1764298950435,AAPL,BUY,LIMIT,148.55,500,656,1042
1764298950526,AAPL,BUY,LIMIT,148.69,2000,657,1088
1764298950574,AAPL,BUY,LIMIT,148.72,500,658,1065
1764298950654,AAPL,SELL,MARKET,0.0,2000,659,1056
1764298950732,AAPL,BUY,LIMIT,148.81,200,660,1044
1764298950738,AAPL,SELL,LIMIT,148.99,1000,661,1066
1764298950763,AAPL,SELL,LIMIT,149.05,100,662,1048
1764298950796,AAPL,SELL,LIMIT,149.03,5000,663,1048
1764298950851,AAPL,BUY,LIMIT,148.98,500,664,1038
1764298950876,AAPL,BUY,LIMIT,148.92,200,665,1099
1764298950880,AAPL,BUY,LIMIT,148.89,5000,666,1031
1764298950938,AAPL,BUY,LIMIT,148.79,200,667,1065
1764298950942,AAPL,SELL,MARKET,0.0,200,668,1072
1764298950963,AAPL,BUY,MARKET,0.0,5000,669,1051
1764298951024,AAPL,BUY,LIMIT,148.83,100,670,1056
1764298951027,AAPL,BUY,MARKET,0.0,200,671,1068
1764298951085,AAPL,SELL,MARKET,0.0,500,672,1005
1764298951178,AAPL,SELL,MARKET,0.0,200,673,1067
1764298951183,AAPL,BUY,LIMIT,148.88,200,674,1008
1764298951259,AAPL,SELL,MARKET,0.0,5000,675,1095
1764298951343,AAPL,BUY,LIMIT,148.93,500,676,1011
1764298951434,AAPL,BUY,LIMIT,149.03,2000,677,1042
1764298951465,AAPL,BUY,LIMIT,148.96,100,678,1056
1764298951521,AAPL,BUY,MARKET,0.0,2000,679,1007
1764298951603,AAPL,BUY,LIMIT,149.1,500,680,1070
1764298951632,AAPL,SELL,LIMIT,149.16,500,681,1022
1764298951696,AAPL,BUY,LIMIT,148.98,200,682,1055
1764298951758,AAPL,BUY,LIMIT,149.1,500,683,1071
1764298951779,AAPL,BUY,LIMIT,148.99,2000,684,1065
1764298951814,AAPL,SELL,LIMIT,149.08,2000,685,1045
1764298951902,AAPL,BUY,LIMIT,148.88,2000,686,1093
1764298951932,AAPL,BUY,LIMIT,148.85,5000,687,1043
1764298951955,AAPL,BUY,LIMIT,148.86,500,688,1037
1764298952021,AAPL,BUY,LIMIT,148.94,2000,689,1054
1764298952070,AAPL,SELL,LIMIT,149.1,5000,690,1011
1764298952140,AAPL,SELL,MARKET,0.0,1000,691,1077
1764298952146,AAPL,SELL,LIMIT,149.08,200,692,1026
1764298952150,AAPL,SELL,LIMIT,149.13,200,693,1015
1764298952178,AAPL,BUY,LIMIT,148.9,100,694,1050
1764298952265,AAPL,BUY,LIMIT,148.94,200,695,1009
1764298952317,AAPL,SELL,LIMIT,148.99,100,696,1022
1764298952366,AAPL,SELL,LIMIT,149.06,200,697,1030
1764298952371,AAPL,BUY,LIMIT,149.04,2000,698,1083
1764298952416,AAPL,SELL,LIMIT,149.2,1000,699,1023
1764298952428,AAPL,SELL,LIMIT,149.13,500,700,1060
1764298952512,AAPL,SELL,LIMIT,149.17,2000,701,1064
1764298952590,AAPL,BUY,LIMIT,149.0,2000,702,1055
1764298952679,AAPL,SELL,LIMIT,149.15,1000,703,1081
1764298952694,AAPL,SELL,MARKET,0.0,100,704,1002
1764298952724,AAPL,BUY,LIMIT,149.01,200,705,1067
1764298952818,AAPL,SELL,LIMIT,149.19,100,706,1006
1764298952831,AAPL,SELL,MARKET,0.0,500,707,1003
1764298952840,AAPL,BUY,LIMIT,149.19,2000,708,1098
1764298952936,AAPL,SELL,LIMIT,149.37,2000,709,1037
1764298952938,AAPL,BUY,LIMIT,149.28,1000,710,1039
1764298953004,AAPL,BUY,MARKET,0.0,1000,711,1000
1764298953010,AAPL,BUY,LIMIT,149.28,5000,712,1038
1764298953032,AAPL,BUY,LIMIT,149.16,500,713,1022
1764298953083,AAPL,BUY,LIMIT,149.17,2000,714,1079
1764298953143,AAPL,SELL,MARKET,0.0,200,715,1019
1764298953194,AAPL,BUY,LIMIT,149.05,5000,716,1059
1764298953218,AAPL,BUY,LIMIT,149.06,5000,717,1025
1764298953234,AAPL,SELL,MARKET,0.0,200,718,1062
1764298953268,AAPL,SELL,LIMIT,149.26,2000,719,1095
1764298953278,AAPL,BUY,LIMIT,149.09,100,720,1088
1764298953360,AAPL,SELL,LIMIT,149.15,100,721,1077
1764298953374,AAPL,BUY,MARKET,0.0,200,722,1066
1764298953470,AAPL,BUY,LIMIT,149.03,2000,723,1009
1764298953558,AAPL,SELL,MARKET,0.0,1000,724,1007
1764298953615,AAPL,BUY,LIMIT,149.01,5000,725,1016
1764298953628,AAPL,SELL,LIMIT,149.2,5000,726,1005
1764298953721,AAPL,SELL,LIMIT,149.29,1000,727,1095
1764298953781,AAPL,SELL,LIMIT,149.19,500,728,1077
1764298953837,AAPL,SELL,LIMIT,149.19,500,729,1075
1764298953875,AAPL,SELL,LIMIT,149.19,500,730,1051
1764298953881,AAPL,SELL,LIMIT,149.3,500,731,1034
1764298953926,AAPL,BUY,LIMIT,149.11,200,732,1086
1764298953945,AAPL,SELL,LIMIT,149.25,200,733,1089
1764298954005,AAPL,BUY,LIMIT,149.15,100,734,1051
1764298954038,AAPL,SELL,LIMIT,149.39,5000,735,1068
1764298954117,AAPL,SELL,MARKET,0.0,500,736,1030
1764298954141,AAPL,BUY,LIMIT,149.22,5000,737,1038
1764298954211,AAPL,SELL,LIMIT,149.3,2000,738,1087
1764298954275,AAPL,BUY,LIMIT,149.3,200,739,1001
1764298954325,AAPL,SELL,LIMIT,149.38,100,740,1012
1764298954345,AAPL,SELL,MARKET,0.0,100,741,1096
1764298954351,AAPL,SELL,LIMIT,149.33,2000,742,1010
1764298954418,AAPL,SELL,LIMIT,149.28,1000,743,1054
1764298954455,AAPL,BUY,MARKET,0.0,200,744,1064
1764298954548,AAPL,BUY,LIMIT,149.04,500,745,1036
1764298954578,AAPL,BUY,LIMIT,149.0,1000,746,1091
1764298954657,AAPL,BUY,LIMIT,149.1,5000,747,1047
1764298954703,AAPL,BUY,LIMIT,149.04,200,748,1080
1764298954766,AAPL,BUY,LIMIT,149.05,2000,749,1043
1764298954827,AAPL,SELL,LIMIT,149.07,200,750,1074
1764298954854,AAPL,BUY,LIMIT,148.91,500,751,1056
1764298954869,AAPL,BUY,LIMIT,148.99,100,752,1065
1764298954905,AAPL,BUY,LIMIT,149.01,500,753,1025
1764298954940,AAPL,BUY,LIMIT,149.02,500,754,1021
1764298955017,AAPL,BUY,MARKET,0.0,500,755,1099
1764298955061,AAPL,BUY,MARKET,0.0,1000,756,1086
1764298955085,AAPL,SELL,LIMIT,149.24,200,757,1017
1764298955118,AAPL,SELL,LIMIT,149.14,2000,758,1002
1764298955137,AAPL,BUY,MARKET,0.0,2000,759,1018
1764298955200,AAPL,BUY,LIMIT,149.01,5000,760,1092
1764298955254,AAPL,SELL,LIMIT,149.13,500,761,1098
1764298955321,AAPL,BUY,LIMIT,148.96,200,762,1018
1764298955340,AAPL,BUY,LIMIT,149.04,2000,763,1041
1764298955343,AAPL,SELL,LIMIT,149.25,500,764,1042
1764298955440,AAPL,SELL,MARKET,0.0,200,765,1035
1764298955536,AAPL,BUY,LIMIT,149.17,200,766,1090
1764298955577,AAPL,SELL,LIMIT,149.26,200,767,1052
1764298955596,AAPL,BUY,LIMIT,149.08,5000,768,1082
1764298955631,AAPL,BUY,LIMIT,149.06,100,769,1086
1764298955680,AAPL,BUY,LIMIT,148.99,2000,770,1030
1764298955778,AAPL,BUY,LIMIT,148.99,2000,771,1039
1764298955795,AAPL,BUY,LIMIT,149.04,200,772,1036
1764298955846,AAPL,BUY,LIMIT,149.03,1000,773,1097
1764298955857,AAPL,BUY,MARKET,0.0,500,774,1031
1764298955956,AAPL,SELL,MARKET,0.0,500,775,1005
1764298956008,AAPL,BUY,LIMIT,148.99,500,776,1070
1764298956060,AAPL,SELL,MARKET,0.0,1000,777,1090
1764298956153,AAPL,SELL,MARKET,0.0,2000,778,1084
1764298956175,AAPL,BUY,MARKET,0.0,5000,779,1049
1764298956257,AAPL,BUY,LIMIT,149.0,1000,780,1090
1764298956336,AAPL,BUY,LIMIT,148.98,2000,781,1064
1764298956416,AAPL,BUY,LIMIT,149.07,5000,782,1001
1764298956458,AAPL,SELL,LIMIT,149.19,500,783,1050
1764298956505,AAPL,SELL,LIMIT,149.22,500,784,1080
1764298956546,AAPL,SELL,MARKET,0.0,5000,785,1051
1764298956574,AAPL,BUY,LIMIT,149.14,5000,786,1058
1764298956662,AAPL,BUY,LIMIT,149.04,5000,787,1000
1764298956703,AAPL,BUY,LIMIT,148.99,100,788,1069
1764298956798,AAPL,BUY,MARKET,0.0,500,789,1055
1764298956825,AAPL,SELL,LIMIT,149.15,5000,790,1007
1764298956915,AAPL,SELL,LIMIT,149.08,1000,791,1097
1764298956939,AAPL,SELL,MARKET,0.0,200,792,1050
1764298957032,AAPL,SELL,LIMIT,149.06,5000,793,1032
1764298957067,AAPL,SELL,MARKET,0.0,2000,794,1098
1764298957141,AAPL,BUY,MARKET,0.0,1000,795,1008
1764298957207,AAPL,SELL,LIMIT,149.16,1000,796,1096
1764298957279,AAPL,SELL,LIMIT,149.1,1000,797,1028
1764298957309,AAPL,SELL,LIMIT,149.08,100,798,1079
1764298957406,AAPL,SELL,MARKET,0.0,5000,799,1053
1764298957445,AAPL,BUY,LIMIT,149.08,2000,800,1025
1764298957542,AAPL,BUY,LIMIT,148.98,5000,801,1091
1764298957609,AAPL,SELL,LIMIT,149.03,5000,802,1011
1764298957623,AAPL,SELL,LIMIT,149.03,1000,803,1015
1764298957628,AAPL,BUY,MARKET,0.0,500,804,1093
1764298957698,AAPL,SELL,LIMIT,148.92,1000,805,1027
1764298957767,AAPL,BUY,MARKET,0.0,500,806,1053
1764298957849,AAPL,BUY,LIMIT,148.85,200,807,1100
1764298957933,AAPL,BUY,LIMIT,148.8,100,808,1067
1764298957960,AAPL,BUY,LIMIT,148.68,200,809,1034
1764298957965,AAPL,SELL,LIMIT,148.83,200,810,1040
1764298957977,AAPL,BUY,LIMIT,148.65,200,811,1058
1764298958013,AAPL,SELL,LIMIT,148.85,1000,812,1023
1764298958055,AAPL,SELL,LIMIT,148.79,500,813,1002
1764298958137,AAPL,BUY,LIMIT,148.7,1000,814,1023
1764298958172,AAPL,BUY,LIMIT,148.63,2000,815,1097
1764298958257,AAPL,SELL,LIMIT,148.68,1000,816,1034
1764298958342,AAPL,BUY,MARKET,0.0,1000,817,1079
1764298958394,AAPL,SELL,LIMIT,148.77,2000,818,1045
1764298958486,AAPL,BUY,LIMIT,148.67,2000,819,1045
1764298958513,AAPL,BUY,LIMIT,148.68,2000,820,1016
1764298958570,AAPL,BUY,LIMIT,148.76,5000,821,1056
1764298958596,AAPL,SELL,LIMIT,148.93,500,822,1002
1764298958637,AAPL,BUY,MARKET,0.0,1000,823,1009
1764298958722,AAPL,BUY,LIMIT,148.94,500,824,1091
1764298958757,AAPL,BUY,LIMIT,148.9,5000,825,1028
1764298958777,AAPL,BUY,LIMIT,148.84,500,826,1000
1764298958824,AAPL,SELL,LIMIT,149.06,1000,827,1082
1764298958826,AAPL,BUY,LIMIT,149.0,500,828,1079
1764298958890,AAPL,SELL,LIMIT,149.14,1000,829,1080
1764298958900,AAPL,BUY,LIMIT,149.07,200,830,1025
1764298958954,AAPL,BUY,LIMIT,149.07,200,831,1053
1764298959022,AAPL,BUY,LIMIT,149.01,200,832,1071
1764298959116,AAPL,BUY,LIMIT,149.06,2000,833,1093
1764298959183,AAPL,BUY,LIMIT,149.16,2000,834,1020
1764298959228,AAPL,SELL,LIMIT,149.26,200,835,1100
1764298959268,AAPL,SELL,MARKET,0.0,500,836,1057
1764298959314,AAPL,SELL,LIMIT,149.35,2000,837,1092
1764298959412,AAPL,BUY,LIMIT,149.21,500,838,1076
1764298959439,AAPL,SELL,LIMIT,149.34,1000,839,1042
1764298959449,AAPL,BUY,LIMIT,149.21,1000,840,1047
1764298959536,AAPL,BUY,LIMIT,149.28,5000,841,1052
1764298959557,AAPL,BUY,LIMIT,149.23,200,842,1039
1764298959588,AAPL,SELL,LIMIT,149.21,200,843,1096
1764298959655,AAPL,BUY,MARKET,0.0,2000,844,1069
1764298959723,AAPL,BUY,MARKET,0.0,200,845,1097
1764298959753,AAPL,BUY,LIMIT,149.08,200,846,1021
1764298959806,AAPL,SELL,LIMIT,149.28,2000,847,1073
1764298959822,AAPL,BUY,LIMIT,149.09,1000,848,1018
1764298959889,AAPL,BUY,LIMIT,149.08,5000,849,1045
1764298959962,AAPL,BUY,LIMIT,148.95,1000,850,1066
1764298959997,AAPL,BUY,LIMIT,148.98,1000,851,1069
1764298960070,AAPL,BUY,LIMIT,148.9,200,852,1086
1764298960170,AAPL,BUY,LIMIT,148.93,500,853,1027
1764298960203,AAPL,SELL,LIMIT,149.07,200,854,1011
1764298960217,AAPL,BUY,LIMIT,149.12,1000,855,1088
1764298960262,AAPL,SELL,LIMIT,149.22,2000,856,1082
1764298960318,AAPL,SELL,LIMIT,149.23,100,857,1006
1764298960322,AAPL,BUY,LIMIT,149.06,200,858,1047
1764298960338,AAPL,BUY,LIMIT,148.94,500,859,1062
1764298960366,AAPL,SELL,LIMIT,149.17,200,860,1024
1764298960431,AAPL,SELL,LIMIT,149.15,1000,861,1028
1764298960468,AAPL,SELL,LIMIT,149.05,500,862,1017
1764298960482,AAPL,SELL,LIMIT,149.19,5000,863,1082
1764298960504,AAPL,BUY,MARKET,0.0,200,864,1094
1764298960542,AAPL,SELL,LIMIT,149.25,500,865,1007
1764298960556,AAPL,BUY,LIMIT,149.17,2000,866,1075
1764298960569,AAPL,BUY,LIMIT,149.04,200,867,1070
1764298960570,AAPL,BUY,LIMIT,149.04,2000,868,1082
1764298960607,AAPL,SELL,LIMIT,149.26,100,869,1064
1764298960675,AAPL,SELL,LIMIT,149.23,1000,870,1075
1764298960769,AAPL,BUY,LIMIT,149.22,100,871,1003
1764298960862,AAPL,BUY,MARKET,0.0,1000,872,1018
1764298960879,AAPL,BUY,LIMIT,149.2,2000,873,1073
1764298960970,AAPL,SELL,LIMIT,149.27,2000,874,1027
1764298961066,AAPL,BUY,MARKET,0.0,200,875,1088
1764298961135,AAPL,BUY,MARKET,0.0,5000,876,1015
1764298961221,AAPL,SELL,LIMIT,149.3,5000,877,1008
1764298961234,AAPL,BUY,LIMIT,149.18,5000,878,1060
1764298961314,AAPL,BUY,LIMIT,149.14,1000,879,1052
1764298961337,AAPL,SELL,LIMIT,149.34,200,880,1018
1764298961384,AAPL,BUY,LIMIT,149.26,1000,881,1081
1764298961430,AAPL,BUY,LIMIT,149.35,200,882,1000
1764298961445,AAPL,SELL,LIMIT,149.5,2000,883,1000
1764298961508,AAPL,BUY,LIMIT,149.29,100,884,1063
1764298961525,AAPL,SELL,LIMIT,149.46,5000,885,1091
1764298961598,AAPL,SELL,LIMIT,149.61,1000,886,1044
1764298961686,AAPL,BUY,LIMIT,149.41,5000,887,1094
1764298961690,AAPL,BUY,LIMIT,149.4,500,888,1066
1764298961790,AAPL,BUY,LIMIT,149.42,5000,889,1026
1764298961793,AAPL,SELL,LIMIT,149.52,5000,890,1048
1764298961841,AAPL,BUY,LIMIT,149.41,1000,891,1021
1764298961936,AAPL,BUY,LIMIT,149.42,2000,892,1081
1764298962028,AAPL,SELL,LIMIT,149.61,2000,893,1013
1764298962041,AAPL,SELL,LIMIT,149.69,500,894,1062
1764298962058,AAPL,SELL,LIMIT,149.6,200,895,1077
1764298962123,AAPL,BUY,LIMIT,149.45,1000,896,1092
1764298962157,AAPL,BUY,LIMIT,149.56,100,897,1045
1764298962255,AAPL,SELL,LIMIT,149.67,500,898,1010
1764298962300,AAPL,SELL,MARKET,0.0,100,899,1047
1764298962343,AAPL,SELL,LIMIT,149.84,2000,900,1044
1764298962417,AAPL,BUY,MARKET,0.0,1000,901,1072
1764298962475,AAPL,BUY,LIMIT,149.61,5000,902,1052
1764298962508,AAPL,BUY,LIMIT,149.59,5000,903,1017
1764298962558,AAPL,BUY,LIMIT,149.66,2000,904,1059
1764298962615,AAPL,SELL,LIMIT,149.78,1000,905,1028
1764298962670,AAPL,SELL,MARKET,0.0,100,906,1095
1764298962677,AAPL,BUY,MARKET,0.0,2000,907,1056
1764298962700,AAPL,SELL,MARKET,0.0,1000,908,1095
1764298962733,AAPL,BUY,LIMIT,149.67,100,909,1044
1764298962811,AAPL,SELL,LIMIT,149.79,200,910,1048
1764298962856,AAPL,BUY,LIMIT,149.73,500,911,1098
1764298962858,AAPL,BUY,LIMIT,149.67,100,912,1065
1764298962952,AAPL,BUY,LIMIT,149.53,100,913,1027
1764298962964,AAPL,BUY,LIMIT,149.6,100,914,1000
1764298963048,AAPL,SELL,LIMIT,149.63,2000,915,1021
1764298963073,AAPL,SELL,MARKET,0.0,100,916,1062
1764298963077,AAPL,SELL,LIMIT,149.64,1000,917,1043
1764298963094,AAPL,BUY,LIMIT,149.59,200,918,1085
1764298963128,AAPL,BUY,LIMIT,149.54,500,919,1064
1764298963176,AAPL,SELL,LIMIT,149.78,500,920,1063
1764298963269,AAPL,BUY,LIMIT,149.65,100,921,1009
1764298963356,AAPL,BUY,LIMIT,149.78,500,922,1091
1764298963366,AAPL,SELL,LIMIT,149.79,200,923,1069
1764298963368,AAPL,SELL,MARKET,0.0,2000,924,1049
1764298963371,AAPL,BUY,LIMIT,149.73,5000,925,1021
1764298963391,AAPL,BUY,LIMIT,149.65,500,926,1100
1764298963484,AAPL,SELL,LIMIT,149.73,2000,927,1077
1764298963576,AAPL,BUY,MARKET,0.0,500,928,1034
1764298963630,AAPL,BUY,LIMIT,149.72,2000,929,1069
1764298963672,AAPL,BUY,LIMIT,149.78,100,930,1083
1764298963754,AAPL,BUY,LIMIT,149.85,500,931,1063
1764298963854,AAPL,SELL,LIMIT,150.01,5000,932,1072
1764298963930,AAPL,SELL,LIMIT,149.91,100,933,1093
1764298964008,AAPL,BUY,LIMIT,149.88,1000,934,1008
1764298964033,AAPL,BUY,LIMIT,149.89,2000,935,1061
1764298964116,AAPL,SELL,LIMIT,149.95,1000,936,1043
1764298964127,AAPL,SELL,LIMIT,150.03,1000,937,1081
1764298964169,AAPL,BUY,LIMIT,149.88,500,938,1069
1764298964249,AAPL,SELL,LIMIT,149.95,1000,939,1022
1764298964263,AAPL,SELL,MARKET,0.0,100,940,1077
1764298964293,AAPL,SELL,LIMIT,150.04,500,941,1032
1764298964355,AAPL,BUY,MARKET,0.0,100,942,1003
1764298964361,AAPL,SELL,LIMIT,150.04,500,943,1094
1764298964407,AAPL,BUY,LIMIT,149.83,200,944,1050
1764298964507,AAPL,BUY,LIMIT,149.86,100,945,1049
1764298964589,AAPL,BUY,LIMIT,149.91,2000,946,1035
1764298964675,AAPL,BUY,LIMIT,149.95,5000,947,1060
1764298964769,AAPL,SELL,LIMIT,149.97,2000,948,1049
1764298964788,AAPL,BUY,LIMIT,149.91,1000,949,1066
1764298964804,AAPL,BUY,LIMIT,150.03,200,950,1027
1764298964854,AAPL,SELL,LIMIT,149.98,2000,951,1035
1764298964872,AAPL,BUY,MARKET,0.0,200,952,1045
1764298964915,AAPL,BUY,MARKET,0.0,1000,953,1057
1764298964936,AAPL,BUY,LIMIT,150.13,1000,954,1097
1764298964945,AAPL,SELL,LIMIT,150.24,5000,955,1084
1764298964986,AAPL,SELL,LIMIT,150.17,500,956,1017
1764298965009,AAPL,SELL,LIMIT,150.2,1000,957,1034
1764298965059,AAPL,SELL,LIMIT,150.13,500,958,1000
1764298965091,AAPL,BUY,LIMIT,149.96,1000,959,1009
1764298965191,AAPL,SELL,LIMIT,150.1,1000,960,1075
1764298965200,AAPL,SELL,MARKET,0.0,100,961,1067
1764298965225,AAPL,BUY,MARKET,0.0,5000,962,1056
1764298965261,AAPL,SELL,MARKET,0.0,1000,963,1068
1764298965321,AAPL,SELL,MARKET,0.0,2000,964,1061
1764298965403,AAPL,SELL,LIMIT,150.23,5000,965,1001
1764298965435,AAPL,SELL,LIMIT,150.13,1000,966,1018
1764298965446,AAPL,BUY,LIMIT,150.13,100,967,1081
1764298965464,AAPL,BUY,LIMIT,150.05,2000,968,1085
1764298965558,AAPL,BUY,LIMIT,150.07,200,969,1100
1764298965656,AAPL,SELL,LIMIT,150.17,100,970,1035
1764298965716,AAPL,BUY,MARKET,0.0,200,971,1002
1764298965751,AAPL,SELL,MARKET,0.0,1000,972,1053
1764298965810,AAPL,BUY,LIMIT,149.99,200,973,1050
1764298965857,AAPL,SELL,MARKET,0.0,200,974,1002
1764298965896,AAPL,SELL,LIMIT,150.19,1000,975,1007
1764298965955,AAPL,BUY,MARKET,0.0,2000,976,1064
1764298966051,AAPL,SELL,LIMIT,150.16,5000,977,1006
1764298966105,AAPL,BUY,LIMIT,150.05,5000,978,1021
1764298966151,AAPL,BUY,LIMIT,150.0,100,979,1023
1764298966234,AAPL,SELL,LIMIT,150.24,2000,980,1001
1764298966292,AAPL,BUY,LIMIT,150.07,100,981,1015
1764298966363,AAPL,BUY,LIMIT,149.98,100,982,1006
1764298966424,AAPL,BUY,LIMIT,149.99,2000,983,1023
1764298966455,AAPL,SELL,LIMIT,150.03,500,984,1006
1764298966522,AAPL,SELL,LIMIT,150.02,2000,985,1026
1764298966580,AAPL,BUY,LIMIT,149.85,2000,986,1053
1764298966598,AAPL,SELL,LIMIT,150.01,5000,987,1051
1764298966686,AAPL,SELL,LIMIT,149.94,100,988,1029
1764298966779,AAPL,BUY,LIMIT,149.7,5000,989,1054
1764298966790,AAPL,BUY,LIMIT,149.64,500,990,1011
1764298966792,AAPL,SELL,LIMIT,149.84,100,991,1027
1764298966841,AAPL,BUY,MARKET,0.0,200,992,1047
1764298966903,AAPL,SELL,LIMIT,149.73,500,993,1076
1764298966963,AAPL,BUY,MARKET,0.0,100,994,1082
1764298967062,AAPL,BUY,LIMIT,149.71,5000,995,1077
1764298967134,AAPL,BUY,LIMIT,149.7,500,996,1067
1764298967178,AAPL,BUY,LIMIT,149.57,5000,997,1013
1764298967258,AAPL,BUY,MARKET,0.0,1000,998,1069
1764298967291,AAPL,SELL,LIMIT,149.65,2000,999,1016
1764298967307,AAPL,BUY,LIMIT,149.48,2000,1000,1067
1764298967346,AAPL,SELL,LIMIT,149.53,1000,1001,1087
1764298967382,AAPL,SELL,LIMIT,149.48,2000,1002,1057
1764298967450,AAPL,SELL,MARKET,0.0,100,1003,1069
1764298967462,AAPL,SELL,MARKET,0.0,200,1004,1021
1764298967553,AAPL,SELL,LIMIT,149.36,200,1005,1007
1764298967637,AAPL,SELL,LIMIT,149.44,5000,1006,1032
1764298967708,AAPL,BUY,LIMIT,149.39,500,1007,1004
1764298967717,AAPL,BUY,LIMIT,149.4,200,1008,1064
1764298967719,AAPL,SELL,LIMIT,149.69,1000,1009,1055
1764298967799,AAPL,SELL,LIMIT,149.66,1000,1010,1021
1764298967817,AAPL,SELL,LIMIT,149.64,2000,1011,1092
1764298967858,AAPL,SELL,LIMIT,149.72,2000,1012,1096
1764298967941,AAPL,SELL,LIMIT,149.69,200,1013,1014
1764298968039,AAPL,SELL,LIMIT,149.56,100,1014,1033
1764298968054,AAPL,BUY,LIMIT,149.57,100,1015,1012
1764298968094,AAPL,BUY,MARKET,0.0,100,1016,1047
1764298968190,AAPL,SELL,LIMIT,149.64,200,1017,1059
1764298968245,AAPL,SELL,MARKET,0.0,2000,1018,1096
1764298968277,AAPL,BUY,LIMIT,149.56,1000,1019,1082
1764298968289,AAPL,SELL,LIMIT,149.65,100,1020,1039
1764298968381,AAPL,SELL,LIMIT,149.75,200,1021,1007
1764298968384,AAPL,BUY,LIMIT,149.61,500,1022,1013
1764298968423,AAPL,BUY,LIMIT,149.7,1000,1023,1097
1764298968464,AAPL,SELL,LIMIT,149.86,5000,1024,1072
1764298968466,AAPL,SELL,MARKET,0.0,200,1025,1046
1764298968515,AAPL,BUY,LIMIT,149.63,200,1026,1092
1764298968577,AAPL,SELL,LIMIT,149.85,100,1027,1002
1764298968593,AAPL,SELL,LIMIT,149.77,500,1028,1053
1764298968680,AAPL,BUY,LIMIT,149.79,1000,1029,1078
1764298968685,AAPL,BUY,LIMIT,149.82,1000,1030,1024
1764298968757,AAPL,SELL,LIMIT,149.91,200,1031,1090
1764298968760,AAPL,BUY,LIMIT,149.79,200,1032,1087
1764298968776,AAPL,BUY,LIMIT,149.7,100,1033,1066
1764298968809,AAPL,SELL,LIMIT,149.79,200,1034,1086
1764298968890,AAPL,SELL,LIMIT,149.75,5000,1035,1048
1764298968961,AAPL,BUY,LIMIT,149.68,5000,1036,1040
1764298969039,AAPL,BUY,LIMIT,149.6,100,1037,1007
1764298969130,AAPL,SELL,LIMIT,149.85,100,1038,1025
1764298969155,AAPL,BUY,LIMIT,149.78,2000,1039,1038
1764298969218,AAPL,BUY,LIMIT,149.77,1000,1040,1095
1764298969260,AAPL,SELL,LIMIT,149.94,2000,1041,1039
1764298969267,AAPL,BUY,MARKET,0.0,100,1042,1097
1764298969339,AAPL,SELL,LIMIT,149.87,1000,1043,1084
1764298969367,AAPL,BUY,LIMIT,149.73,200,1044,1084
1764298969448,AAPL,SELL,LIMIT,149.81,200,1045,1095
1764298969451,AAPL,BUY,LIMIT,149.65,2000,1046,1069
1764298969519,AAPL,BUY,MARKET,0.0,2000,1047,1053
1764298969610,AAPL,BUY,LIMIT,149.83,5000,1048,1032
1764298969700,AAPL,BUY,MARKET,0.0,5000,1049,1059
1764298969711,AAPL,SELL,LIMIT,149.95,2000,1050,1034
1764298969767,AAPL,SELL,LIMIT,149.97,500,1051,1062
1764298969770,AAPL,BUY,LIMIT,149.84,200,1052,1033
1764298969774,AAPL,BUY,LIMIT,149.91,100,1053,1017
1764298969872,AAPL,BUY,LIMIT,149.96,100,1054,1050
1764298969919,AAPL,SELL,LIMIT,150.14,5000,1055,1093
1764298969966,AAPL,SELL,LIMIT,150.05,2000,1056,1065
1764298970045,AAPL,SELL,MARKET,0.0,1000,1057,1086
1764298970074,AAPL,BUY,LIMIT,149.86,2000,1058,1005
1764298970120,AAPL,SELL,MARKET,0.0,500,1059,1047
1764298970212,AAPL,SELL,MARKET,0.0,5000,1060,1085
1764298970228,AAPL,BUY,LIMIT,150.0,200,1061,1001
1764298970310,AAPL,SELL,LIMIT,150.06,100,1062,1004
1764298970353,AAPL,SELL,MARKET,0.0,100,1063,1052
1764298970409,AAPL,SELL,LIMIT,150.16,1000,1064,1036
1764298970452,AAPL,BUY,LIMIT,150.02,200,1065,1081
1764298970489,AAPL,BUY,MARKET,0.0,500,1066,1038
1764298970490,AAPL,BUY,LIMIT,149.95,200,1067,1086
1764298970548,AAPL,BUY,LIMIT,149.91,200,1068,1082
1764298970607,AAPL,SELL,LIMIT,149.99,100,1069,1055
1764298970664,AAPL,BUY,MARKET,0.0,5000,1070,1028
1764298970714,AAPL,BUY,LIMIT,149.91,500,1071,1007
1764298970784,AAPL,BUY,LIMIT,149.91,500,1072,1019
1764298970884,AAPL,BUY,MARKET,0.0,200,1073,1088
1764298970973,AAPL,SELL,LIMIT,150.1,500,1074,1058
1764298971030,AAPL,SELL,LIMIT,150.1,1000,1075,1024
1764298971100,AAPL,BUY,LIMIT,150.07,5000,1076,1010
1764298971121,AAPL,SELL,LIMIT,150.11,100,1077,1009
1764298971197,AAPL,BUY,LIMIT,150.05,2000,1078,1053
1764298971285,AAPL,SELL,LIMIT,150.14,2000,1079,1056
1764298971289,AAPL,SELL,LIMIT,150.22,100,1080,1090
1764298971344,AAPL,SELL,MARKET,0.0,100,1081,1087
1764298971400,AAPL,SELL,LIMIT,150.23,500,1082,1095
1764298971423,AAPL,BUY,MARKET,0.0,5000,1083,1059
1764298971494,AAPL,BUY,MARKET,0.0,5000,1084,1038
1764298971542,AAPL,BUY,LIMIT,150.09,1000,1085,1002
1764298971633,AAPL,BUY,LIMIT,150.11,5000,1086,1091
1764298971680,AAPL,BUY,LIMIT,150.13,5000,1087,1061
1764298971698,AAPL,SELL,LIMIT,150.16,1000,1088,1018
1764298971797,AAPL,SELL,MARKET,0.0,1000,1089,1039
1764298971814,AAPL,BUY,LIMIT,149.99,100,1090,1025
1764298971870,AAPL,BUY,MARKET,0.0,100,1091,1039
1764298971885,AAPL,SELL,LIMIT,149.86,5000,1092,1099
1764298971886,AAPL,BUY,MARKET,0.0,2000,1093,1040
1764298971976,AAPL,BUY,LIMIT,149.71,200,1094,1069
1764298971985,AAPL,SELL,LIMIT,149.87,100,1095,1052
1764298972059,AAPL,BUY,LIMIT,149.79,200,1096,1018
1764298972129,AAPL,SELL,LIMIT,149.97,5000,1097,1003
1764298972159,AAPL,BUY,LIMIT,149.82,2000,1098,1021
1764298972251,AAPL,BUY,LIMIT,149.76,500,1099,1029
1764298972317,AAPL,SELL,LIMIT,149.97,500,1100,1043
1764298972339,AAPL,BUY,LIMIT,149.7,200,1101,1014
1764298972418,AAPL,BUY,LIMIT,149.81,200,1102,1040
1764298972491,AAPL,BUY,MARKET,0.0,500,1103,1018
1764298972560,AAPL,BUY,LIMIT,149.84,1000,1104,1058
1764298972567,AAPL,BUY,LIMIT,149.86,500,1105,1097
1764298972610,AAPL,SELL,LIMIT,149.96,200,1106,1061
1764298972628,AAPL,BUY,MARKET,0.0,100,1107,1046
1764298972638,AAPL,BUY,LIMIT,149.79,200,1108,1085
1764298972669,AAPL,BUY,LIMIT,149.87,100,1109,1056
1764298972750,AAPL,SELL,LIMIT,149.95,500,1110,1097
1764298972806,AAPL,SELL,MARKET,0.0,2000,1111,1029
1764298972807,AAPL,BUY,LIMIT,149.9,5000,1112,1094
1764298972850,AAPL,BUY,LIMIT,149.9,5000,1113,1077
1764298972870,AAPL,SELL,LIMIT,150.01,200,1114,1088
1764298972897,AAPL,BUY,MARKET,0.0,5000,1115,1058
1764298972970,AAPL,SELL,LIMIT,150.08,5000,1116,1023
1764298973060,AAPL,SELL,LIMIT,150.08,200,1117,1019
1764298973081,AAPL,BUY,MARKET,0.0,500,1118,1077
1764298973141,AAPL,SELL,MARKET,0.0,500,1119,1034
1764298973184,AAPL,BUY,MARKET,0.0,100,1120,1049
1764298973273,AAPL,BUY,MARKET,0.0,200,1121,1022
1764298973366,AAPL,SELL,LIMIT,150.16,5000,1122,1056
1764298973387,AAPL,SELL,LIMIT,150.15,200,1123,1043
1764298973388,AAPL,SELL,LIMIT,150.21,2000,1124,1026
1764298973413,AAPL,SELL,LIMIT,150.2,2000,1125,1010
1764298973468,AAPL,SELL,MARKET,0.0,100,1126,1078
1764298973491,AAPL,BUY,LIMIT,150.2,1000,1127,1068
1764298973530,AAPL,SELL,LIMIT,150.29,500,1128,1002
1764298973612,AAPL,SELL,LIMIT,150.22,100,1129,1093
1764298973673,AAPL,BUY,LIMIT,150.14,1000,1130,1054
1764298973741,AAPL,BUY,LIMIT,150.16,5000,1131,1000
1764298973814,AAPL,SELL,LIMIT,150.19,2000,1132,1025
1764298973908,AAPL,SELL,LIMIT,150.21,500,1133,1050
1764298973911,AAPL,BUY,LIMIT,150.08,200,1134,1028
1764298973969,AAPL,BUY,LIMIT,150.01,500,1135,1009
1764298974015,AAPL,BUY,MARKET,0.0,2000,1136,1065
1764298974078,AAPL,BUY,LIMIT,150.08,1000,1137,1064
1764298974173,AAPL,SELL,MARKET,0.0,200,1138,1054
1764298974259,AAPL,SELL,LIMIT,150.08,200,1139,1072
1764298974333,AAPL,SELL,LIMIT,150.14,100,1140,1039
1764298974349,AAPL,BUY,LIMIT,149.98,500,1141,1076
1764298974410,AAPL,SELL,LIMIT,150.1,1000,1142,1028
1764298974491,AAPL,SELL,LIMIT,150.06,500,1143,1004
1764298974521,AAPL,BUY,MARKET,0.0,100,1144,1025
1764298974558,AAPL,SELL,LIMIT,150.09,200,1145,1039
1764298974645,AAPL,BUY,LIMIT,150.07,5000,1146,1087
1764298974691,AAPL,SELL,MARKET,0.0,500,1147,1073
1764298974728,AAPL,BUY,LIMIT,150.11,500,1148,1054
1764298974818,AAPL,SELL,MARKET,0.0,500,1149,1033
1764298974831,AAPL,SELL,MARKET,0.0,1000,1150,1087
1764298974886,AAPL,SELL,LIMIT,150.17,200,1151,1024
1764298974971,AAPL,BUY,LIMIT,149.99,2000,1152,1095
1764298975037,AAPL,SELL,LIMIT,150.19,5000,1153,1008
1764298975137,AAPL,SELL,LIMIT,150.25,5000,1154,1053
1764298975151,AAPL,BUY,LIMIT,150.16,5000,1155,1012
1764298975169,AAPL,BUY,LIMIT,150.18,5000,1156,1068
1764298975187,AAPL,BUY,LIMIT,150.27,500,1157,1073
1764298975194,AAPL,SELL,LIMIT,150.29,200,1158,1027
1764298975270,AAPL,SELL,LIMIT,150.3,100,1159,1076
1764298975325,AAPL,SELL,LIMIT,150.27,5000,1160,1040
1764298975379,AAPL,BUY,MARKET,0.0,100,1161,1021
1764298975447,AAPL,BUY,LIMIT,150.08,500,1162,1050
1764298975518,AAPL,SELL,MARKET,0.0,5000,1163,1066
1764298975584,AAPL,SELL,LIMIT,150.28,5000,1164,1083
1764298975594,AAPL,BUY,LIMIT,150.15,500,1165,1010
1764298975654,AAPL,SELL,MARKET,0.0,100,1166,1069
1764298975699,AAPL,SELL,LIMIT,150.32,1000,1167,1063
1764298975711,AAPL,BUY,LIMIT,150.19,5000,1168,1091
1764298975750,AAPL,SELL,LIMIT,150.32,200,1169,1040
1764298975811,AAPL,SELL,MARKET,0.0,1000,1170,1042
1764298975884,AAPL,SELL,LIMIT,150.23,2000,1171,1036
1764298975952,AAPL,BUY,MARKET,0.0,500,1172,1097
1764298976037,AAPL,SELL,LIMIT,150.31,1000,1173,1086
1764298976065,AAPL,SELL,LIMIT,150.39,100,1174,1076
1764298976157,AAPL,BUY,LIMIT,150.19,200,1175,1098
1764298976200,AAPL,BUY,LIMIT,150.3,2000,1176,1083
1764298976214,AAPL,SELL,LIMIT,150.45,500,1177,1013
1764298976270,AAPL,SELL,MARKET,0.0,200,1178,1007
1764298976343,AAPL,BUY,LIMIT,150.42,2000,1179,1013
1764298976387,AAPL,BUY,LIMIT,150.41,500,1180,1039
1764298976420,AAPL,BUY,LIMIT,150.32,500,1181,1072
1764298976483,AAPL,SELL,LIMIT,150.54,1000,1182,1057
1764298976490,AAPL,SELL,MARKET,0.0,100,1183,1050
1764298976586,AAPL,SELL,MARKET,0.0,2000,1184,1071
1764298976632,AAPL,SELL,LIMIT,150.49,1000,1185,1074
1764298976698,AAPL,SELL,MARKET,0.0,100,1186,1066
1764298976754,AAPL,BUY,MARKET,0.0,500,1187,1070
1764298976800,AAPL,BUY,LIMIT,150.13,2000,1188,1066
1764298976874,AAPL,BUY,LIMIT,150.08,1000,1189,1001
1764298976969,AAPL,BUY,LIMIT,150.14,100,1190,1053
1764298977009,AAPL,BUY,LIMIT,150.08,100,1191,1055
1764298977095,AAPL,BUY,MARKET,0.0,500,1192,1018
1764298977129,AAPL,SELL,LIMIT,150.19,200,1193,1084
1764298977211,AAPL,BUY,LIMIT,150.09,500,1194,1097
1764298977286,AAPL,BUY,MARKET,0.0,200,1195,1052
1764298977344,AAPL,BUY,LIMIT,150.02,2000,1196,1013
1764298977432,AAPL,BUY,MARKET,0.0,1000,1197,1050
1764298977442,AAPL,SELL,LIMIT,150.21,500,1198,1034
1764298977533,AAPL,BUY,LIMIT,150.07,200,1199,1077
1764298977559,AAPL,SELL,LIMIT,150.14,500,1200,1006
1764298977562,AAPL,SELL,LIMIT,150.24,200,1201,1080
1764298977633,AAPL,BUY,LIMIT,150.08,5000,1202,1031
1764298977725,AAPL,SELL,LIMIT,150.31,5000,1203,1006
1764298977746,AAPL,BUY,LIMIT,150.04,5000,1204,1041
1764298977820,AAPL,BUY,MARKET,0.0,200,1205,1055
1764298977888,AAPL,BUY,LIMIT,149.9,100,1206,1088
1764298977921,AAPL,BUY,LIMIT,149.82,200,1207,1051
1764298977929,AAPL,SELL,LIMIT,149.9,200,1208,1001
1764298977958,AAPL,SELL,LIMIT,149.91,500,1209,1054
1764298978028,AAPL,BUY,LIMIT,149.86,500,1210,1068
1764298978032,AAPL,SELL,LIMIT,150.06,5000,1211,1025
1764298978130,AAPL,SELL,LIMIT,150.01,5000,1212,1002
1764298978202,AAPL,BUY,LIMIT,149.89,100,1213,1052
1764298978263,AAPL,SELL,LIMIT,149.98,1000,1214,1081
1764298978296,AAPL,BUY,LIMIT,149.78,500,1215,1026
1764298978332,AAPL,BUY,LIMIT,149.92,5000,1216,1009
1764298978381,AAPL,BUY,LIMIT,149.96,200,1217,1021
1764298978416,AAPL,BUY,LIMIT,150.06,100,1218,1047
1764298978496,AAPL,SELL,LIMIT,150.18,500,1219,1087
1764298978574,AAPL,SELL,LIMIT,150.18,2000,1220,1039
1764298978616,AAPL,SELL,MARKET,0.0,500,1221,1084
1764298978688,AAPL,BUY,LIMIT,150.15,500,1222,1052
1764298978737,AAPL,BUY,MARKET,0.0,100,1223,1077
1764298978820,AAPL,SELL,LIMIT,150.34,200,1224,1007
1764298978823,AAPL,SELL,LIMIT,150.34,1000,1225,1044
1764298978845,AAPL,BUY,LIMIT,150.14,2000,1226,1075
1764298978903,AAPL,SELL,LIMIT,150.18,200,1227,1072
1764298978994,AAPL,BUY,LIMIT,150.1,5000,1228,1002
1764298979040,AAPL,BUY,LIMIT,150.05,1000,1229,1005
1764298979055,AAPL,BUY,LIMIT,150.06,5000,1230,1049
1764298979068,AAPL,BUY,MARKET,0.0,2000,1231,1098
1764298979122,AAPL,BUY,LIMIT,149.98,200,1232,1082
1764298979163,AAPL,BUY,LIMIT,150.0,5000,1233,1089
1764298979215,AAPL,SELL,LIMIT,150.13,2000,1234,1035
1764298979242,AAPL,BUY,LIMIT,149.99,500,1235,1094
1764298979262,AAPL,BUY,LIMIT,149.94,2000,1236,1080
1764298979320,AAPL,BUY,LIMIT,149.89,500,1237,1083
1764298979340,AAPL,BUY,LIMIT,150.0,500,1238,1089
1764298979421,AAPL,BUY,MARKET,0.0,1000,1239,1038
1764298979443,AAPL,BUY,LIMIT,149.87,100,1240,1026
1764298979484,AAPL,SELL,LIMIT,149.97,5000,1241,1089
1764298979510,AAPL,BUY,LIMIT,149.74,200,1242,1011
1764298979567,AAPL,BUY,LIMIT,149.68,500,1243,1057
1764298979667,AAPL,SELL,LIMIT,149.84,100,1244,1035
1764298979745,AAPL,SELL,MARKET,0.0,500,1245,1044
1764298979820,AAPL,BUY,LIMIT,149.63,1000,1246,1037
1764298979885,AAPL,SELL,LIMIT,149.87,100,1247,1026
1764298979961,AAPL,SELL,LIMIT,149.88,2000,1248,1055
1764298979980,AAPL,BUY,LIMIT,149.83,200,1249,1075
1764298980064,AAPL,SELL,LIMIT,149.85,500,1250,1049
1764298980160,AAPL,BUY,LIMIT,149.68,500,1251,1065
1764298980183,AAPL,BUY,LIMIT,149.69,1000,1252,1014
1764298980268,AAPL,BUY,MARKET,0.0,500,1253,1008
1764298980309,AAPL,SELL,LIMIT,149.79,200,1254,1096
1764298980351,AAPL,BUY,LIMIT,149.64,100,1255,1019
1764298980420,AAPL,BUY,MARKET,0.0,100,1256,1033
1764298980431,AAPL,BUY,LIMIT,149.73,100,1257,1026
1764298980491,AAPL,SELL,LIMIT,149.86,500,1258,1017
1764298980500,AAPL,SELL,MARKET,0.0,500,1259,1083
1764298980548,AAPL,BUY,MARKET,0.0,500,1260,1100
1764298980610,AAPL,SELL,LIMIT,149.97,200,1261,1059
1764298980632,AAPL,SELL,LIMIT,149.95,2000,1262,1032
1764298980673,AAPL,SELL,MARKET,0.0,1000,1263,1040
1764298980706,AAPL,SELL,LIMIT,150.01,5000,1264,1022
1764298980790,AAPL,SELL,LIMIT,149.91,500,1265,1027
1764298980815,AAPL,SELL,LIMIT,149.95,1000,1266,1040
1764298980859,AAPL,SELL,LIMIT,150.06,1000,1267,1055
1764298980938,AAPL,BUY,MARKET,0.0,1000,1268,1019
1764298980970,AAPL,BUY,MARKET,0.0,200,1269,1025
1764298980976,AAPL,BUY,LIMIT,149.91,200,1270,1096
1764298980985,AAPL,BUY,LIMIT,149.97,5000,1271,1060
1764298981037,AAPL,SELL,MARKET,0.0,1000,1272,1002
1764298981103,AAPL,BUY,LIMIT,150.08,5000,1273,1079
1764298981120,AAPL,BUY,LIMIT,150.05,2000,1274,1012
1764298981207,AAPL,SELL,LIMIT,150.12,2000,1275,1001
1764298981263,AAPL,SELL,LIMIT,150.18,500,1276,1079
1764298981333,AAPL,SELL,LIMIT,150.17,2000,1277,1080
1764298981370,AAPL,BUY,LIMIT,150.13,2000,1278,1054
1764298981469,AAPL,SELL,MARKET,0.0,5000,1279,1083
1764298981480,AAPL,BUY,LIMIT,150.05,500,1280,1082
1764298981555,AAPL,BUY,LIMIT,150.04,1000,1281,1065
1764298981589,AAPL,SELL,MARKET,0.0,100,1282,1064
1764298981655,AAPL,BUY,LIMIT,150.06,500,1283,1069
1764298981657,AAPL,BUY,LIMIT,150.09,2000,1284,1072
1764298981701,AAPL,BUY,LIMIT,150.12,200,1285,1088
1764298981792,AAPL,BUY,LIMIT,150.07,200,1286,1091
1764298981848,AAPL,SELL,LIMIT,150.18,100,1287,1036
1764298981863,AAPL,BUY,LIMIT,150.07,200,1288,1012
1764298981922,AAPL,SELL,LIMIT,150.21,200,1289,1053
1764298981996,AAPL,BUY,LIMIT,150.15,200,1290,1100
1764298982070,AAPL,BUY,LIMIT,150.19,2000,1291,1026
1764298982125,AAPL,BUY,LIMIT,150.14,200,1292,1048
1764298982219,AAPL,SELL,LIMIT,150.15,500,1293,1080
1764298982248,AAPL,BUY,LIMIT,150.08,100,1294,1016
1764298982347,AAPL,SELL,LIMIT,150.2,1000,1295,1094
1764298982414,AAPL,BUY,LIMIT,149.98,500,1296,1095
1764298982447,AAPL,BUY,LIMIT,150.03,1000,1297,1051
1764298982511,AAPL,BUY,LIMIT,149.96,100,1298,1030
1764298982586,AAPL,SELL,LIMIT,150.03,2000,1299,1013
1764298982611,AAPL,SELL,LIMIT,150.14,100,1300,1010
1764298982632,AAPL,SELL,LIMIT,150.08,1000,1301,1056
1764298982729,AAPL,BUY,LIMIT,149.9,2000,1302,1050
1764298982732,AAPL,SELL,LIMIT,150.02,100,1303,1011
1764298982751,AAPL,BUY,LIMIT,149.86,5000,1304,1096
1764298982829,AAPL,BUY,MARKET,0.0,1000,1305,1070
1764298982906,AAPL,SELL,LIMIT,150.12,5000,1306,1000
1764298982922,AAPL,SELL,LIMIT,150.24,100,1307,1060
1764298982983,AAPL,SELL,LIMIT,150.23,500,1308,1073
1764298983022,AAPL,SELL,LIMIT,150.32,200,1309,1029
1764298983118,AAPL,BUY,MARKET,0.0,200,1310,1070
1764298983208,AAPL,BUY,MARKET,0.0,100,1311,1040
1764298983218,AAPL,BUY,LIMIT,150.24,1000,1312,1061
1764298983256,AAPL,BUY,MARKET,0.0,2000,1313,1024
1764298983313,AAPL,SELL,LIMIT,150.38,100,1314,1005
1764298983368,AAPL,SELL,LIMIT,150.46,2000,1315,1090
1764298983461,AAPL,SELL,MARKET,0.0,200,1316,1087
1764298983497,AAPL,BUY,LIMIT,150.43,100,1317,1004
1764298983557,AAPL,BUY,LIMIT,150.57,5000,1318,1096
1764298983631,AAPL,BUY,LIMIT,150.55,500,1319,1034
1764298983718,AAPL,SELL,LIMIT,150.71,1000,1320,1047
1764298983816,AAPL,SELL,MARKET,0.0,5000,1321,1088
1764298983893,AAPL,BUY,LIMIT,150.59,500,1322,1029
1764298983961,AAPL,SELL,MARKET,0.0,2000,1323,1037
1764298984042,AAPL,BUY,LIMIT,150.59,1000,1324,1077
1764298984141,AAPL,BUY,MARKET,0.0,2000,1325,1043
1764298984178,AAPL,SELL,LIMIT,150.8,2000,1326,1049
1764298984223,AAPL,SELL,LIMIT,150.78,200,1327,1080
1764298984273,AAPL,BUY,LIMIT,150.55,100,1328,1048
1764298984331,AAPL,BUY,LIMIT,150.55,2000,1329,1002
1764298984410,AAPL,BUY,LIMIT,150.62,500,1330,1088
1764298984414,AAPL,SELL,LIMIT,150.79,100,1331,1039
1764298984446,AAPL,BUY,LIMIT,150.66,1000,1332,1064
1764298984449,AAPL,SELL,MARKET,0.0,500,1333,1003
1764298984543,AAPL,SELL,LIMIT,150.85,200,1334,1015
1764298984569,AAPL,BUY,MARKET,0.0,2000,1335,1051
1764298984640,AAPL,SELL,MARKET,0.0,200,1336,1026
1764298984658,AAPL,BUY,LIMIT,151.0,1000,1337,1060
1764298984696,AAPL,BUY,LIMIT,150.94,1000,1338,1030
1764298984748,AAPL,SELL,LIMIT,151.04,2000,1339,1036
1764298984777,AAPL,BUY,LIMIT,150.93,5000,1340,1072
1764298984849,AAPL,SELL,MARKET,0.0,500,1341,1025
1764298984855,AAPL,SELL,LIMIT,151.04,500,1342,1006
1764298984898,AAPL,BUY,LIMIT,150.89,2000,1343,1091
1764298984953,AAPL,SELL,LIMIT,150.96,1000,1344,1006
1764298984983,AAPL,BUY,MARKET,0.0,100,1345,1017
1764298984985,AAPL,BUY,MARKET,0.0,5000,1346,1040
1764298985019,AAPL,SELL,LIMIT,150.78,200,1347,1070
1764298985021,AAPL,BUY,LIMIT,150.59,100,1348,1022
1764298985107,AAPL,BUY,LIMIT,150.67,500,1349,1044
1764298985175,AAPL,SELL,LIMIT,150.86,500,1350,1023
1764298985208,AAPL,BUY,LIMIT,150.82,1000,1351,1034
1764298985293,AAPL,SELL,LIMIT,150.9,1000,1352,1062
1764298985340,AAPL,SELL,LIMIT,150.97,500,1353,1024
1764298985418,AAPL,BUY,LIMIT,150.85,5000,1354,1092
1764298985482,AAPL,SELL,MARKET,0.0,5000,1355,1024
1764298985555,AAPL,SELL,LIMIT,150.92,100,1356,1035
1764298985579,AAPL,SELL,LIMIT,151.0,1000,1357,1098
1764298985678,AAPL,SELL,LIMIT,151.07,500,1358,1047
1764298985694,AAPL,BUY,LIMIT,150.94,5000,1359,1028
1764298985765,AAPL,SELL,LIMIT,151.06,2000,1360,1094
1764298985837,AAPL,BUY,LIMIT,150.99,100,1361,1063
1764298985928,AAPL,SELL,LIMIT,151.02,5000,1362,1097
1764298985980,AAPL,SELL,LIMIT,151.11,5000,1363,1044
1764298986010,AAPL,BUY,LIMIT,150.99,1000,1364,1037
1764298986107,AAPL,SELL,LIMIT,151.14,100,1365,1062
1764298986110,AAPL,BUY,LIMIT,150.96,500,1366,1062
1764298986166,AAPL,BUY,LIMIT,150.91,5000,1367,1069
1764298986214,AAPL,SELL,MARKET,0.0,100,1368,1038
1764298986253,AAPL,BUY,LIMIT,150.94,100,1369,1003
1764298986255,AAPL,BUY,LIMIT,150.84,1000,1370,1078
1764298986355,AAPL,BUY,MARKET,0.0,5000,1371,1010
1764298986371,AAPL,BUY,LIMIT,150.93,1000,1372,1058
1764298986425,AAPL,BUY,LIMIT,150.95,100,1373,1008
1764298986465,AAPL,BUY,LIMIT,151.02,100,1374,1085
1764298986544,AAPL,BUY,LIMIT,151.05,200,1375,1008
1764298986548,AAPL,SELL,LIMIT,151.23,500,1376,1060
1764298986589,AAPL,BUY,LIMIT,151.14,500,1377,1076
1764298986632,AAPL,SELL,LIMIT,151.29,200,1378,1044
1764298986633,AAPL,BUY,LIMIT,151.3,1000,1379,1015
1764298986708,AAPL,BUY,MARKET,0.0,200,1380,1033
1764298986732,AAPL,BUY,LIMIT,151.22,100,1381,1047
1764298986774,AAPL,BUY,LIMIT,151.18,100,1382,1041
1764298986797,AAPL,SELL,LIMIT,151.38,2000,1383,1037
1764298986839,AAPL,BUY,LIMIT,151.34,1000,1384,1005
1764298986845,AAPL,BUY,LIMIT,151.46,500,1385,1064
1764298986849,AAPL,BUY,LIMIT,151.41,2000,1386,1055
1764298986890,AAPL,SELL,MARKET,0.0,200,1387,1018
1764298986974,AAPL,SELL,MARKET,0.0,500,1388,1020
1764298987063,AAPL,SELL,MARKET,0.0,500,1389,1019
1764298987135,AAPL,SELL,LIMIT,151.57,500,1390,1100
1764298987234,AAPL,BUY,MARKET,0.0,2000,1391,1042
1764298987289,AAPL,BUY,LIMIT,151.48,1000,1392,1068
1764298987357,AAPL,SELL,LIMIT,151.6,5000,1393,1024
1764298987436,AAPL,SELL,MARKET,0.0,500,1394,1070
1764298987451,AAPL,BUY,MARKET,0.0,200,1395,1072
1764298987470,AAPL,SELL,MARKET,0.0,200,1396,1078
1764298987490,AAPL,SELL,LIMIT,151.34,100,1397,1008
1764298987564,AAPL,BUY,LIMIT,151.32,2000,1398,1066
1764298987579,AAPL,SELL,MARKET,0.0,1000,1399,1071
1764298987670,AAPL,BUY,LIMIT,151.15,100,1400,1072
1764298987700,AAPL,BUY,MARKET,0.0,200,1401,1039
1764298987756,AAPL,SELL,LIMIT,151.41,1000,1402,1084
1764298987758,AAPL,BUY,LIMIT,151.35,500,1403,1059
1764298987781,AAPL,SELL,MARKET,0.0,1000,1404,1042
1764298987817,AAPL,BUY,LIMIT,151.33,2000,1405,1065
1764298987897,AAPL,BUY,MARKET,0.0,200,1406,1030
1764298987909,AAPL,BUY,LIMIT,151.37,200,1407,1040
1764298987938,AAPL,SELL,LIMIT,151.5,500,1408,1079
1764298988006,AAPL,BUY,LIMIT,151.49,5000,1409,1093
1764298988068,AAPL,BUY,MARKET,0.0,2000,1410,1053
1764298988161,AAPL,SELL,LIMIT,151.72,2000,1411,1093
1764298988173,AAPL,SELL,LIMIT,151.71,500,1412,1055
1764298988174,AAPL,SELL,MARKET,0.0,200,1413,1079
1764298988195,AAPL,BUY,MARKET,0.0,500,1414,1089
1764298988270,AAPL,SELL,LIMIT,151.59,100,1415,1033
1764298988290,AAPL,BUY,LIMIT,151.61,200,1416,1022
1764298988363,AAPL,SELL,LIMIT,151.83,100,1417,1094
1764298988382,AAPL,BUY,LIMIT,151.68,100,1418,1081
1764298988410,AAPL,SELL,LIMIT,151.72,5000,1419,1033
1764298988460,AAPL,SELL,LIMIT,151.78,500,1420,1018
1764298988485,AAPL,SELL,LIMIT,151.76,2000,1421,1064
1764298988490,AAPL,BUY,LIMIT,151.64,500,1422,1023
1764298988578,AAPL,BUY,LIMIT,151.57,5000,1423,1099
1764298988627,AAPL,BUY,LIMIT,151.51,1000,1424,1024
1764298988637,AAPL,SELL,LIMIT,151.68,200,1425,1021
1764298988689,AAPL,BUY,MARKET,0.0,100,1426,1008
1764298988720,AAPL,BUY,LIMIT,151.56,1000,1427,1062
1764298988787,AAPL,SELL,MARKET,0.0,1000,1428,1045
1764298988886,AAPL,SELL,LIMIT,151.6,5000,1429,1060
1764298988892,AAPL,BUY,LIMIT,151.52,100,1430,1009
1764298988920,AAPL,BUY,LIMIT,151.43,1000,1431,1027
1764298989006,AAPL,BUY,LIMIT,151.39,100,1432,1062
1764298989103,AAPL,SELL,LIMIT,151.48,2000,1433,1024
1764298989157,AAPL,SELL,LIMIT,151.47,100,1434,1017
1764298989183,AAPL,BUY,LIMIT,151.46,500,1435,1030
1764298989276,AAPL,BUY,LIMIT,151.4,200,1436,1047
1764298989336,AAPL,BUY,LIMIT,151.35,1000,1437,1042
1764298989341,AAPL,SELL,LIMIT,151.6,500,1438,1094
1764298989351,AAPL,SELL,LIMIT,151.63,100,1439,1028
1764298989438,AAPL,BUY,MARKET,0.0,5000,1440,1099
1764298989504,AAPL,BUY,LIMIT,151.53,200,1441,1033
1764298989512,AAPL,SELL,LIMIT,151.57,100,1442,1022
1764298989590,AAPL,SELL,LIMIT,151.69,200,1443,1001
1764298989644,AAPL,SELL,LIMIT,151.58,100,1444,1013
1764298989699,AAPL,BUY,LIMIT,151.43,5000,1445,1073
1764298989761,AAPL,SELL,LIMIT,151.59,500,1446,1076
1764298989854,AAPL,SELL,LIMIT,151.5,500,1447,1024
1764298989939,AAPL,BUY,MARKET,0.0,2000,1448,1011
1764298990028,AAPL,SELL,LIMIT,151.47,5000,1449,1037
1764298990091,AAPL,SELL,LIMIT,151.44,2000,1450,1033
1764298990129,AAPL,BUY,LIMIT,151.27,500,1451,1048
1764298990220,AAPL,SELL,LIMIT,151.42,2000,1452,1097
1764298990282,AAPL,BUY,LIMIT,151.38,5000,1453,1060
1764298990347,AAPL,BUY,LIMIT,151.46,500,1454,1038
1764298990376,AAPL,BUY,MARKET,0.0,5000,1455,1086
1764298990437,AAPL,SELL,LIMIT,151.53,200,1456,1010
1764298990508,AAPL,SELL,LIMIT,151.45,1000,1457,1012
1764298990568,AAPL,SELL,LIMIT,151.46,5000,1458,1076
1764298990607,AAPL,BUY,LIMIT,151.26,100,1459,1062
1764298990701,AAPL,SELL,LIMIT,151.38,200,1460,1034
1764298990788,AAPL,BUY,LIMIT,151.29,2000,1461,1005
1764298990887,AAPL,SELL,LIMIT,151.34,2000,1462,1039
1764298990946,AAPL,BUY,LIMIT,151.26,1000,1463,1030
1764298991042,AAPL,BUY,LIMIT,151.22,200,1464,1029
1764298991064,AAPL,BUY,LIMIT,151.18,200,1465,1053
1764298991163,AAPL,SELL,LIMIT,151.23,100,1466,1087
1764298991227,AAPL,SELL,MARKET,0.0,200,1467,1084
1764298991294,AAPL,BUY,LIMIT,151.16,5000,1468,1097
1764298991382,AAPL,SELL,MARKET,0.0,1000,1469,1022
1764298991405,AAPL,SELL,LIMIT,151.13,5000,1470,1033
1764298991422,AAPL,SELL,LIMIT,151.09,2000,1471,1078
1764298991503,AAPL,BUY,MARKET,0.0,5000,1472,1093
1764298991579,AAPL,SELL,LIMIT,151.11,1000,1473,1007
1764298991662,AAPL,SELL,LIMIT,151.07,1000,1474,1009
1764298991722,AAPL,BUY,LIMIT,150.91,500,1475,1050
1764298991745,AAPL,BUY,LIMIT,150.97,500,1476,1092
1764298991803,AAPL,SELL,LIMIT,151.12,200,1477,1009
1764298991898,AAPL,BUY,LIMIT,151.12,200,1478,1011
1764298991957,AAPL,SELL,MARKET,0.0,1000,1479,1005
1764298991964,AAPL,BUY,LIMIT,151.02,200,1480,1080
1764298992061,AAPL,BUY,LIMIT,151.13,100,1481,1098
1764298992119,AAPL,BUY,LIMIT,151.1,100,1482,1005
1764298992167,AAPL,BUY,LIMIT,151.07,5000,1483,1013
1764298992221,AAPL,SELL,MARKET,0.0,200,1484,1051
1764298992288,AAPL,SELL,LIMIT,151.35,5000,1485,1078
1764298992305,AAPL,BUY,LIMIT,151.25,5000,1486,1008
1764298992389,AAPL,SELL,LIMIT,151.32,1000,1487,1095
1764298992482,AAPL,BUY,LIMIT,151.3,1000,1488,1091
1764298992544,AAPL,SELL,MARKET,0.0,1000,1489,1023
1764298992591,AAPL,BUY,LIMIT,151.29,1000,1490,1021
1764298992595,AAPL,BUY,LIMIT,151.3,100,1491,1023
1764298992658,AAPL,BUY,MARKET,0.0,200,1492,1015
1764298992666,AAPL,SELL,LIMIT,151.61,100,1493,1029
1764298992707,AAPL,SELL,LIMIT,151.59,5000,1494,1084
1764298992738,AAPL,SELL,LIMIT,151.51,1000,1495,1039
1764298992826,AAPL,BUY,LIMIT,151.36,200,1496,1036
1764298992897,AAPL,BUY,LIMIT,151.39,100,1497,1050
1764298992982,AAPL,BUY,LIMIT,151.51,200,1498,1084
1764298993002,AAPL,BUY,MARKET,0.0,5000,1499,1087
1764298993062,AAPL,BUY,LIMIT,151.52,2000,1500,1100
1764298993102,AAPL,BUY,LIMIT,151.51,2000,1501,1020
1764298993111,AAPL,SELL,LIMIT,151.52,2000,1502,1089
1764298993161,AAPL,SELL,LIMIT,151.58,100,1503,1068
1764298993166,AAPL,SELL,MARKET,0.0,100,1504,1056
1764298993183,AAPL,BUY,LIMIT,151.51,500,1505,1065
1764298993215,AAPL,SELL,MARKET,0.0,1000,1506,1048
1764298993259,AAPL,SELL,LIMIT,151.64,200,1507,1097
1764298993323,AAPL,BUY,LIMIT,151.52,200,1508,1065
1764298993365,AAPL,SELL,LIMIT,151.55,500,1509,1075
1764298993433,AAPL,SELL,LIMIT,151.6,200,1510,1004
1764298993516,AAPL,BUY,LIMIT,151.34,2000,1511,1060
1764298993532,AAPL,BUY,LIMIT,151.42,100,1512,1053
1764298993558,AAPL,BUY,LIMIT,151.44,2000,1513,1030
1764298993565,AAPL,SELL,MARKET,0.0,500,1514,1057
1764298993575,AAPL,SELL,LIMIT,151.58,500,1515,1047
1764298993609,AAPL,BUY,LIMIT,151.57,100,1516,1014
1764298993641,AAPL,BUY,MARKET,0.0,500,1517,1015
1764298993666,AAPL,SELL,LIMIT,151.71,1000,1518,1046
1764298993688,AAPL,BUY,LIMIT,151.64,2000,1519,1048
1764298993783,AAPL,SELL,LIMIT,151.88,1000,1520,1061
1764298993809,AAPL,SELL,LIMIT,151.86,1000,1521,1051
1764298993846,AAPL,SELL,LIMIT,151.81,5000,1522,1074
1764298993856,AAPL,BUY,LIMIT,151.68,1000,1523,1042
1764298993863,AAPL,SELL,LIMIT,151.9,100,1524,1031
1764298993899,AAPL,SELL,LIMIT,151.78,200,1525,1028
1764298993995,AAPL,SELL,LIMIT,151.9,200,1526,1023
1764298994071,AAPL,BUY,MARKET,0.0,500,1527,1094
1764298994073,AAPL,BUY,LIMIT,151.76,200,1528,1090
1764298994081,AAPL,SELL,LIMIT,151.83,200,1529,1019
1764298994133,AAPL,SELL,LIMIT,151.87,500,1530,1088
1764298994157,AAPL,SELL,LIMIT,151.88,200,1531,1043
1764298994220,AAPL,BUY,LIMIT,151.73,100,1532,1058
1764298994283,AAPL,SELL,LIMIT,151.86,100,1533,1064
1764298994343,AAPL,BUY,LIMIT,151.69,200,1534,1065
1764298994435,AAPL,SELL,LIMIT,151.78,1000,1535,1066
1764298994449,AAPL,SELL,LIMIT,151.83,2000,1536,1098
1764298994515,AAPL,SELL,LIMIT,151.77,200,1537,1034
1764298994582,AAPL,BUY,LIMIT,151.66,500,1538,1060
1764298994652,AAPL,BUY,LIMIT,151.66,200,1539,1016
1764298994726,AAPL,BUY,LIMIT,151.66,5000,1540,1019
1764298994752,AAPL,SELL,LIMIT,151.84,500,1541,1073
1764298994833,AAPL,BUY,LIMIT,151.82,1000,1542,1022
1764298994912,AAPL,BUY,LIMIT,151.75,200,1543,1097
1764298994958,AAPL,SELL,LIMIT,151.83,100,1544,1087
1764298995035,AAPL,SELL,LIMIT,151.84,2000,1545,1036
1764298995052,AAPL,BUY,LIMIT,151.75,2000,1546,1074
1764298995113,AAPL,BUY,LIMIT,151.83,2000,1547,1071
1764298995150,AAPL,BUY,LIMIT,151.88,1000,1548,1073
1764298995239,AAPL,BUY,LIMIT,151.83,1000,1549,1048
1764298995332,AAPL,BUY,LIMIT,151.81,500,1550,1050
1764298995373,AAPL,BUY,LIMIT,151.85,5000,1551,1062
1764298995471,AAPL,BUY,LIMIT,151.87,100,1552,1088
1764298995565,AAPL,BUY,LIMIT,151.83,200,1553,1009
1764298995631,AAPL,SELL,LIMIT,151.87,2000,1554,1082
1764298995683,AAPL,BUY,LIMIT,151.71,500,1555,1006
1764298995734,AAPL,SELL,LIMIT,151.73,5000,1556,1084
1764298995761,AAPL,BUY,MARKET,0.0,500,1557,1100
1764298995843,AAPL,BUY,LIMIT,151.65,5000,1558,1054
1764298995909,AAPL,BUY,LIMIT,151.61,1000,1559,1098
1764298995935,AAPL,SELL,LIMIT,151.73,2000,1560,1053
1764298995970,AAPL,BUY,LIMIT,151.56,100,1561,1053
1764298996039,AAPL,SELL,LIMIT,151.58,500,1562,1083
1764298996105,AAPL,SELL,MARKET,0.0,100,1563,1020
1764298996202,AAPL,SELL,LIMIT,151.63,200,1564,1039
1764298996277,AAPL,SELL,LIMIT,151.63,5000,1565,1084
1764298996325,AAPL,SELL,LIMIT,151.65,5000,1566,1061
1764298996381,AAPL,SELL,LIMIT,151.7,2000,1567,1034
1764298996444,AAPL,SELL,MARKET,0.0,100,1568,1095
1764298996451,AAPL,BUY,LIMIT,151.61,5000,1569,1006
1764298996495,AAPL,SELL,LIMIT,151.71,500,1570,1098
1764298996510,AAPL,SELL,LIMIT,151.76,500,1571,1060
1764298996585,AAPL,BUY,LIMIT,151.61,2000,1572,1014
1764298996648,AAPL,BUY,LIMIT,151.59,500,1573,1040
1764298996715,AAPL,SELL,LIMIT,151.76,200,1574,1075
1764298996777,AAPL,SELL,MARKET,0.0,2000,1575,1071
1764298996823,AAPL,BUY,LIMIT,151.78,500,1576,1090
1764298996906,AAPL,BUY,LIMIT,151.71,2000,1577,1054
1764298996912,AAPL,BUY,LIMIT,151.77,5000,1578,1051
1764298996998,AAPL,SELL,LIMIT,151.94,2000,1579,1014
1764298997033,AAPL,BUY,LIMIT,151.81,1000,1580,1041
1764298997085,AAPL,SELL,LIMIT,151.86,1000,1581,1033
1764298997181,AAPL,SELL,LIMIT,151.9,5000,1582,1049
1764298997207,AAPL,SELL,MARKET,0.0,2000,1583,1016
1764298997235,AAPL,BUY,LIMIT,151.87,5000,1584,1020
1764298997329,AAPL,SELL,LIMIT,151.91,500,1585,1066
1764298997389,AAPL,BUY,LIMIT,151.76,5000,1586,1073
1764298997481,AAPL,BUY,LIMIT,151.68,1000,1587,1088
1764298997540,AAPL,BUY,LIMIT,151.75,100,1588,1068
1764298997611,AAPL,SELL,LIMIT,151.96,100,1589,1011
1764298997638,AAPL,SELL,LIMIT,152.05,2000,1590,1026
1764298997692,AAPL,BUY,LIMIT,151.86,1000,1591,1039
1764298997757,AAPL,SELL,MARKET,0.0,5000,1592,1027
1764298997843,AAPL,SELL,LIMIT,151.9,200,1593,1025
1764298997891,AAPL,SELL,LIMIT,151.94,200,1594,1089
1764298997937,AAPL,SELL,LIMIT,151.88,2000,1595,1081
1764298997949,AAPL,BUY,MARKET,0.0,1000,1596,1016
1764298997977,AAPL,BUY,LIMIT,151.67,500,1597,1020
1764298997985,AAPL,BUY,MARKET,0.0,500,1598,1059
1764298998061,AAPL,SELL,MARKET,0.0,5000,1599,1039
1764298998115,AAPL,SELL,LIMIT,151.57,100,1600,1088
1764298998163,AAPL,SELL,LIMIT,151.67,1000,1601,1041
1764298998198,AAPL,BUY,LIMIT,151.56,200,1602,1044
1764298998293,AAPL,SELL,LIMIT,151.78,100,1603,1044
1764298998327,AAPL,BUY,LIMIT,151.55,500,1604,1029
1764298998329,AAPL,BUY,LIMIT,151.68,100,1605,1010
1764298998331,AAPL,SELL,LIMIT,151.69,2000,1606,1009
1764298998368,AAPL,SELL,LIMIT,151.73,1000,1607,1025
1764298998396,AAPL,BUY,LIMIT,151.7,2000,1608,1003
1764298998462,AAPL,SELL,MARKET,0.0,500,1609,1082
1764298998515,AAPL,BUY,LIMIT,151.66,500,1610,1056
1764298998519,AAPL,BUY,MARKET,0.0,100,1611,1085
1764298998564,AAPL,BUY,MARKET,0.0,100,1612,1066
1764298998592,AAPL,BUY,LIMIT,151.59,1000,1613,1074
1764298998662,AAPL,SELL,MARKET,0.0,2000,1614,1066
1764298998670,AAPL,SELL,LIMIT,151.74,5000,1615,1091
1764298998769,AAPL,SELL,LIMIT,151.83,500,1616,1045
1764298998864,AAPL,BUY,LIMIT,151.63,100,1617,1066
1764298998954,AAPL,BUY,LIMIT,151.67,2000,1618,1000
1764298999042,AAPL,SELL,LIMIT,151.81,2000,1619,1046
1764298999066,AAPL,SELL,LIMIT,151.84,100,1620,1088
1764298999080,AAPL,SELL,LIMIT,151.88,200,1621,1072
1764298999172,AAPL,BUY,LIMIT,151.77,200,1622,1029
1764298999178,AAPL,SELL,LIMIT,151.89,500,1623,1081
1764298999254,AAPL,BUY,LIMIT,151.79,100,1624,1002
1764298999324,AAPL,SELL,LIMIT,151.94,100,1625,1030
1764298999333,AAPL,SELL,LIMIT,152.06,200,1626,1027
1764298999338,AAPL,BUY,MARKET,0.0,1000,1627,1049
1764298999367,AAPL,BUY,MARKET,0.0,200,1628,1004
1764298999440,AAPL,BUY,LIMIT,151.85,200,1629,1090
1764298999442,AAPL,SELL,MARKET,0.0,2000,1630,1052
1764298999538,AAPL,SELL,LIMIT,151.81,1000,1631,1049
1764298999559,AAPL,SELL,LIMIT,151.75,200,1632,1061
1764298999622,AAPL,SELL,LIMIT,151.63,1000,1633,1071
1764298999665,AAPL,SELL,LIMIT,151.73,500,1634,1070
1764298999729,AAPL,BUY,MARKET,0.0,1000,1635,1062
1764298999754,AAPL,BUY,LIMIT,151.51,5000,1636,1058
1764298999763,AAPL,BUY,LIMIT,151.45,5000,1637,1079
1764298999785,AAPL,BUY,LIMIT,151.36,2000,1638,1017
1764298999860,AAPL,BUY,MARKET,0.0,1000,1639,1074
1764298999893,AAPL,SELL,LIMIT,151.49,5000,1640,1005
1764298999968,AAPL,SELL,LIMIT,151.56,500,1641,1002
1764299000050,AAPL,BUY,MARKET,0.0,1000,1642,1037
1764299000065,AAPL,BUY,LIMIT,151.54,200,1643,1010
1764299000153,AAPL,BUY,MARKET,0.0,200,1644,1035
1764299000253,AAPL,SELL,LIMIT,151.67,2000,1645,1093
1764299000322,AAPL,SELL,LIMIT,151.62,500,1646,1022
1764299000408,AAPL,SELL,MARKET,0.0,1000,1647,1052
1764299000409,AAPL,BUY,LIMIT,151.61,1000,1648,1067
1764299000508,AAPL,SELL,LIMIT,151.67,5000,1649,1022
1764299000574,AAPL,SELL,LIMIT,151.77,200,1650,1051
1764299000618,AAPL,SELL,MARKET,0.0,2000,1651,1056
1764299000660,AAPL,SELL,LIMIT,151.9,200,1652,1032
1764299000663,AAPL,SELL,LIMIT,151.83,100,1653,1007
1764299000711,AAPL,BUY,LIMIT,151.75,1000,1654,1051
1764299000714,AAPL,BUY,LIMIT,151.71,100,1655,1019
1764299000738,AAPL,BUY,LIMIT,151.84,2000,1656,1055
1764299000804,AAPL,BUY,LIMIT,151.87,100,1657,1071
1764299000832,AAPL,BUY,LIMIT,151.94,2000,1658,1095
1764299000894,AAPL,BUY,LIMIT,151.93,5000,1659,1088
1764299000916,AAPL,SELL,MARKET,0.0,100,1660,1008
1764299000950,AAPL,SELL,LIMIT,152.22,1000,1661,1002
1764299000983,AAPL,BUY,LIMIT,152.15,200,1662,1026
1764299001003,AAPL,SELL,LIMIT,152.26,100,1663,1097
1764299001089,AAPL,BUY,LIMIT,152.19,100,1664,1052
1764299001149,AAPL,BUY,LIMIT,152.23,200,1665,1057
1764299001161,AAPL,SELL,LIMIT,152.18,1000,1666,1097
1764299001217,AAPL,BUY,LIMIT,152.2,100,1667,1083
1764299001311,AAPL,BUY,LIMIT,152.25,1000,1668,1070
1764299001407,AAPL,SELL,LIMIT,152.29,2000,1669,1048
1764299001488,AAPL,BUY,MARKET,0.0,2000,1670,1078
1764299001511,AAPL,BUY,LIMIT,152.2,200,1671,1013
1764299001521,AAPL,SELL,LIMIT,152.25,200,1672,1054
1764299001551,AAPL,BUY,LIMIT,152.18,2000,1673,1090
1764299001601,AAPL,SELL,LIMIT,152.19,500,1674,1070
1764299001675,AAPL,BUY,MARKET,0.0,100,1675,1002
1764299001730,AAPL,SELL,LIMIT,152.18,200,1676,1002
1764299001825,AAPL,SELL,MARKET,0.0,5000,1677,1077
1764299001868,AAPL,SELL,LIMIT,152.24,1000,1678,1032
1764299001936,AAPL,SELL,MARKET,0.0,2000,1679,1078
1764299001993,AAPL,BUY,LIMIT,152.06,5000,1680,1000
1764299001994,AAPL,SELL,LIMIT,152.25,100,1681,1046
1764299002077,AAPL,BUY,LIMIT,152.25,200,1682,1065
1764299002154,AAPL,BUY,MARKET,0.0,1000,1683,1041
1764299002187,AAPL,SELL,LIMIT,152.52,500,1684,1079
1764299002256,AAPL,BUY,LIMIT,152.46,1000,1685,1030
1764299002331,AAPL,BUY,LIMIT,152.5,2000,1686,1012
1764299002402,AAPL,SELL,LIMIT,152.5,500,1687,1015
1764299002481,AAPL,BUY,LIMIT,152.49,100,1688,1030
1764299002569,AAPL,BUY,LIMIT,152.42,100,1689,1039
1764299002626,AAPL,BUY,MARKET,0.0,100,1690,1099
1764299002719,AAPL,SELL,MARKET,0.0,200,1691,1078
1764299002762,AAPL,BUY,LIMIT,152.41,500,1692,1033
1764299002847,AAPL,BUY,LIMIT,152.42,200,1693,1043
1764299002925,AAPL,BUY,LIMIT,152.57,5000,1694,1024
1764299002926,AAPL,SELL,MARKET,0.0,5000,1695,1031
1764299003017,AAPL,SELL,LIMIT,152.74,2000,1696,1027
1764299003048,AAPL,BUY,LIMIT,152.54,200,1697,1100
1764299003073,AAPL,BUY,LIMIT,152.43,100,1698,1073
1764299003080,AAPL,BUY,LIMIT,152.45,100,1699,1006
1764299003096,AAPL,BUY,MARKET,0.0,2000,1700,1022
1764299003142,AAPL,BUY,LIMIT,152.4,5000,1701,1078
1764299003228,AAPL,BUY,LIMIT,152.36,200,1702,1051
1764299003255,AAPL,SELL,MARKET,0.0,5000,1703,1011
1764299003309,AAPL,SELL,LIMIT,152.33,200,1704,1084
1764299003312,AAPL,SELL,MARKET,0.0,500,1705,1076
1764299003369,AAPL,SELL,MARKET,0.0,200,1706,1098
1764299003411,AAPL,SELL,LIMIT,152.16,500,1707,1011
1764299003449,AAPL,SELL,LIMIT,152.17,500,1708,1032
1764299003467,AAPL,SELL,MARKET,0.0,2000,1709,1043
1764299003471,AAPL,BUY,LIMIT,152.17,500,1710,1012
1764299003533,AAPL,BUY,LIMIT,152.26,100,1711,1009
1764299003604,AAPL,SELL,LIMIT,152.45,2000,1712,1076
1764299003616,AAPL,SELL,LIMIT,152.4,1000,1713,1002
1764299003668,AAPL,BUY,LIMIT,152.25,200,1714,1069
1764299003685,AAPL,SELL,LIMIT,152.33,1000,1715,1038
1764299003704,AAPL,BUY,MARKET,0.0,2000,1716,1028
1764299003798,AAPL,BUY,LIMIT,152.14,500,1717,1051
1764299003849,AAPL,SELL,LIMIT,152.34,100,1718,1090
1764299003946,AAPL,BUY,LIMIT,152.2,500,1719,1085
1764299003979,AAPL,SELL,MARKET,0.0,100,1720,1096
1764299004042,AAPL,BUY,LIMIT,152.07,5000,1721,1039
1764299004110,AAPL,BUY,LIMIT,151.97,2000,1722,1034
1764299004132,AAPL,BUY,LIMIT,152.02,200,1723,1035
1764299004162,AAPL,BUY,LIMIT,152.05,2000,1724,1014
1764299004240,AAPL,BUY,LIMIT,152.04,2000,1725,1019
1764299004244,AAPL,SELL,LIMIT,152.3,200,1726,1077
1764299004251,AAPL,BUY,MARKET,0.0,500,1727,1014
1764299004278,AAPL,BUY,LIMIT,152.34,500,1728,1069
1764299004377,AAPL,BUY,LIMIT,152.37,1000,1729,1036
1764299004434,AAPL,BUY,LIMIT,152.34,2000,1730,1018
1764299004520,AAPL,BUY,LIMIT,152.47,200,1731,1073
1764299004543,AAPL,BUY,LIMIT,152.37,500,1732,1009
1764299004632,AAPL,SELL,LIMIT,152.34,1000,1733,1020
1764299004682,AAPL,SELL,MARKET,0.0,1000,1734,1092
1764299004751,AAPL,BUY,LIMIT,152.35,100,1735,1024
1764299004758,AAPL,SELL,LIMIT,152.58,5000,1736,1023
1764299004778,AAPL,SELL,LIMIT,152.56,500,1737,1049
1764299004839,AAPL,SELL,LIMIT,152.49,1000,1738,1024
1764299004932,AAPL,BUY,LIMIT,152.38,5000,1739,1001
1764299004947,AAPL,BUY,LIMIT,152.37,2000,1740,1087
1764299005013,AAPL,SELL,LIMIT,152.5,1000,1741,1039
1764299005059,AAPL,BUY,LIMIT,152.39,500,1742,1089
1764299005143,AAPL,SELL,LIMIT,152.47,200,1743,1039
1764299005218,AAPL,SELL,LIMIT,152.47,500,1744,1052
1764299005275,AAPL,BUY,LIMIT,152.49,200,1745,1097
1764299005312,AAPL,SELL,LIMIT,152.54,1000,1746,1087
1764299005344,AAPL,BUY,MARKET,0.0,1000,1747,1014
1764299005418,AAPL,SELL,LIMIT,152.5,100,1748,1050
1764299005447,AAPL,BUY,MARKET,0.0,2000,1749,1063
1764299005526,AAPL,SELL,LIMIT,152.48,500,1750,1017
1764299005595,AAPL,BUY,LIMIT,152.51,100,1751,1043
1764299005606,AAPL,BUY,MARKET,0.0,2000,1752,1078
1764299005616,AAPL,BUY,LIMIT,152.41,100,1753,1039
1764299005676,AAPL,SELL,MARKET,0.0,500,1754,1067
1764299005729,AAPL,SELL,MARKET,0.0,1000,1755,1080
1764299005752,AAPL,SELL,LIMIT,152.57,5000,1756,1092
1764299005758,AAPL,BUY,LIMIT,152.33,200,1757,1083
1764299005823,AAPL,BUY,MARKET,0.0,2000,1758,1018
1764299005886,AAPL,BUY,LIMIT,152.28,5000,1759,1067
1764299005887,AAPL,BUY,MARKET,0.0,100,1760,1080
1764299005951,AAPL,BUY,MARKET,0.0,200,1761,1062
1764299005954,AAPL,SELL,LIMIT,152.42,2000,1762,1025
1764299005996,AAPL,BUY,LIMIT,152.36,500,1763,1075
1764299006033,AAPL,BUY,LIMIT,152.36,500,1764,1031
1764299006106,AAPL,BUY,LIMIT,152.44,500,1765,1054
1764299006144,AAPL,BUY,LIMIT,152.52,500,1766,1046
1764299006197,AAPL,BUY,LIMIT,152.43,5000,1767,1086
1764299006236,AAPL,BUY,LIMIT,152.35,5000,1768,1084
1764299006316,AAPL,SELL,LIMIT,152.44,1000,1769,1056
1764299006396,AAPL,SELL,LIMIT,152.3,200,1770,1061
1764299006421,AAPL,SELL,LIMIT,152.39,100,1771,1019
1764299006510,AAPL,SELL,LIMIT,152.38,500,1772,1013
1764299006531,AAPL,BUY,LIMIT,152.23,200,1773,1021
1764299006571,AAPL,SELL,LIMIT,152.37,500,1774,1095
1764299006647,AAPL,BUY,LIMIT,152.21,5000,1775,1075
1764299006671,AAPL,SELL,MARKET,0.0,500,1776,1014
1764299006686,AAPL,SELL,LIMIT,152.31,100,1777,1043
1764299006781,AAPL,BUY,LIMIT,152.25,100,1778,1002
1764299006808,AAPL,BUY,LIMIT,152.28,500,1779,1041
1764299006904,AAPL,BUY,LIMIT,152.21,5000,1780,1087
1764299006908,AAPL,BUY,LIMIT,152.28,200,1781,1076
1764299007004,AAPL,BUY,MARKET,0.0,100,1782,1002
1764299007069,AAPL,BUY,LIMIT,152.42,100,1783,1059
1764299007072,AAPL,BUY,LIMIT,152.31,500,1784,1022
1764299007081,AAPL,SELL,LIMIT,152.5,2000,1785,1097
1764299007143,AAPL,SELL,LIMIT,152.56,100,1786,1090
1764299007169,AAPL,BUY,LIMIT,152.47,100,1787,1068
1764299007180,AAPL,SELL,LIMIT,152.5,5000,1788,1069
1764299007268,AAPL,BUY,LIMIT,152.4,2000,1789,1028
1764299007360,AAPL,SELL,LIMIT,152.5,100,1790,1028
1764299007381,AAPL,SELL,LIMIT,152.43,1000,1791,1016
1764299007463,AAPL,SELL,LIMIT,152.37,500,1792,1036
1764299007502,AAPL,SELL,LIMIT,152.34,2000,1793,1000
1764299007536,AAPL,BUY,LIMIT,152.2,200,1794,1083
1764299007590,AAPL,BUY,LIMIT,152.23,100,1795,1074
1764299007637,AAPL,SELL,LIMIT,152.36,2000,1796,1092
1764299007694,AAPL,SELL,LIMIT,152.29,200,1797,1011
1764299007722,AAPL,BUY,LIMIT,152.24,2000,1798,1007
1764299007724,AAPL,SELL,LIMIT,152.39,500,1799,1043
1764299007779,AAPL,BUY,LIMIT,152.22,200,1800,1058
1764299007808,AAPL,BUY,MARKET,0.0,1000,1801,1088
1764299007868,AAPL,BUY,LIMIT,152.23,500,1802,1050
1764299007958,AAPL,BUY,MARKET,0.0,1000,1803,1040
1764299008024,AAPL,BUY,LIMIT,152.27,200,1804,1089
1764299008049,AAPL,BUY,LIMIT,152.23,1000,1805,1035
1764299008090,AAPL,BUY,LIMIT,152.16,500,1806,1070
1764299008098,AAPL,BUY,LIMIT,152.19,200,1807,1067
1764299008122,AAPL,BUY,LIMIT,152.15,200,1808,1084
1764299008217,AAPL,BUY,LIMIT,152.21,1000,1809,1076
1764299008259,AAPL,BUY,LIMIT,152.19,1000,1810,1054
1764299008342,AAPL,SELL,LIMIT,152.28,1000,1811,1027
1764299008353,AAPL,SELL,LIMIT,152.29,5000,1812,1089
1764299008404,AAPL,BUY,LIMIT,152.11,200,1813,1020
1764299008419,AAPL,BUY,LIMIT,152.18,2000,1814,1024
1764299008501,AAPL,SELL,MARKET,0.0,500,1815,1056
1764299008568,AAPL,BUY,LIMIT,152.26,5000,1816,1036
1764299008625,AAPL,SELL,LIMIT,152.33,500,1817,1043
1764299008644,AAPL,SELL,LIMIT,152.42,2000,1818,1041
1764299008715,AAPL,SELL,MARKET,0.0,200,1819,1093
1764299008782,AAPL,BUY,LIMIT,152.38,100,1820,1096
1764299008848,AAPL,SELL,LIMIT,152.51,1000,1821,1051
1764299008928,AAPL,BUY,LIMIT,152.45,1000,1822,1036
1764299009001,AAPL,BUY,LIMIT,152.45,1000,1823,1072
1764299009039,AAPL,BUY,LIMIT,152.47,200,1824,1027
1764299009100,AAPL,BUY,MARKET,0.0,5000,1825,1046
1764299009115,AAPL,SELL,LIMIT,152.59,5000,1826,1003
1764299009191,AAPL,BUY,LIMIT,152.51,500,1827,1010
1764299009214,AAPL,SELL,LIMIT,152.58,5000,1828,1049
1764299009228,AAPL,SELL,LIMIT,152.55,100,1829,1019
1764299009286,AAPL,BUY,LIMIT,152.49,200,1830,1090
1764299009340,AAPL,BUY,MARKET,0.0,1000,1831,1072
1764299009342,AAPL,SELL,LIMIT,152.49,5000,1832,1003
1764299009397,AAPL,SELL,LIMIT,152.51,2000,1833,1009
1764299009461,AAPL,BUY,LIMIT,152.36,200,1834,1068
1764299009482,AAPL,BUY,MARKET,0.0,2000,1835,1084
1764299009500,AAPL,SELL,LIMIT,152.52,500,1836,1046
1764299009507,AAPL,SELL,MARKET,0.0,1000,1837,1024
1764299009548,AAPL,SELL,LIMIT,152.62,5000,1838,1062
1764299009633,AAPL,BUY,LIMIT,152.57,1000,1839,1035
1764299009666,AAPL,BUY,LIMIT,152.61,500,1840,1027
1764299009704,AAPL,BUY,LIMIT,152.7,2000,1841,1099
1764299009714,AAPL,SELL,LIMIT,152.73,1000,1842,1054
1764299009794,AAPL,BUY,MARKET,0.0,1000,1843,1085
1764299009865,AAPL,BUY,LIMIT,152.52,2000,1844,1030
1764299009915,AAPL,BUY,LIMIT,152.61,500,1845,1041
1764299009996,AAPL,SELL,LIMIT,152.67,100,1846,1063
1764299010041,AAPL,BUY,LIMIT,152.48,500,1847,1076
1764299010093,AAPL,SELL,MARKET,0.0,1000,1848,1024
1764299010139,AAPL,SELL,LIMIT,152.7,100,1849,1078
1764299010226,AAPL,BUY,LIMIT,152.55,1000,1850,1027
1764299010227,AAPL,SELL,LIMIT,152.8,100,1851,1006
1764299010262,AAPL,SELL,LIMIT,152.83,5000,1852,1013
1764299010340,AAPL,BUY,LIMIT,152.66,200,1853,1042
1764299010410,AAPL,SELL,LIMIT,152.79,1000,1854,1069
1764299010412,AAPL,BUY,LIMIT,152.71,1000,1855,1047
1764299010429,AAPL,SELL,LIMIT,152.89,5000,1856,1099
1764299010492,AAPL,BUY,LIMIT,152.74,500,1857,1059
1764299010563,AAPL,BUY,LIMIT,152.74,2000,1858,1014
1764299010640,AAPL,BUY,LIMIT,152.81,1000,1859,1068
1764299010691,AAPL,SELL,LIMIT,152.87,200,1860,1031
1764299010776,AAPL,BUY,MARKET,0.0,500,1861,1011
1764299010847,AAPL,BUY,LIMIT,152.85,2000,1862,1027
1764299010935,AAPL,SELL,LIMIT,152.87,500,1863,1065
1764299010970,AAPL,SELL,LIMIT,152.8,500,1864,1080
1764299011011,AAPL,BUY,LIMIT,152.59,200,1865,1090
1764299011108,AAPL,SELL,LIMIT,152.8,200,1866,1088
1764299011135,AAPL,BUY,LIMIT,152.69,500,1867,1057
1764299011172,AAPL,SELL,LIMIT,152.8,100,1868,1037
1764299011177,AAPL,SELL,LIMIT,152.73,100,1869,1003
1764299011216,AAPL,SELL,MARKET,0.0,1000,1870,1011
1764299011246,AAPL,SELL,LIMIT,152.85,5000,1871,1031
1764299011316,AAPL,BUY,LIMIT,152.75,5000,1872,1056
1764299011346,AAPL,SELL,LIMIT,152.81,500,1873,1068
1764299011408,AAPL,BUY,LIMIT,152.63,200,1874,1092
1764299011420,AAPL,BUY,LIMIT,152.58,5000,1875,1000
1764299011477,AAPL,BUY,LIMIT,152.59,100,1876,1014
1764299011511,AAPL,BUY,LIMIT,152.6,5000,1877,1053
1764299011529,AAPL,BUY,LIMIT,152.62,100,1878,1029
1764299011534,AAPL,SELL,LIMIT,152.66,2000,1879,1075
1764299011607,AAPL,BUY,LIMIT,152.63,500,1880,1077
1764299011636,AAPL,SELL,LIMIT,152.73,1000,1881,1040
1764299011677,AAPL,SELL,LIMIT,152.76,100,1882,1084
1764299011740,AAPL,SELL,LIMIT,152.69,100,1883,1098
1764299011806,AAPL,BUY,LIMIT,152.54,2000,1884,1060
1764299011860,AAPL,SELL,LIMIT,152.71,200,1885,1070
1764299011954,AAPL,SELL,LIMIT,152.84,1000,1886,1037
1764299011970,AAPL,SELL,LIMIT,152.8,500,1887,1016
1764299012014,AAPL,BUY,LIMIT,152.66,500,1888,1073
1764299012078,AAPL,BUY,LIMIT,152.54,2000,1889,1004
1764299012158,AAPL,BUY,LIMIT,152.51,100,1890,1081
1764299012214,AAPL,SELL,LIMIT,152.57,100,1891,1051
1764299012313,AAPL,BUY,LIMIT,152.43,500,1892,1085
1764299012391,AAPL,BUY,LIMIT,152.4,2000,1893,1091
1764299012472,AAPL,BUY,LIMIT,152.29,100,1894,1092
1764299012551,AAPL,BUY,LIMIT,152.34,200,1895,1008
1764299012613,AAPL,BUY,LIMIT,152.37,200,1896,1019
1764299012631,AAPL,SELL,LIMIT,152.59,500,1897,1100
1764299012729,AAPL,SELL,LIMIT,152.64,1000,1898,1047
1764299012818,AAPL,SELL,LIMIT,152.66,500,1899,1085
1764299012855,AAPL,SELL,LIMIT,152.55,1000,1900,1080
1764299012889,AAPL,BUY,LIMIT,152.38,100,1901,1048
1764299012966,AAPL,BUY,MARKET,0.0,2000,1902,1048
1764299013066,AAPL,SELL,LIMIT,152.42,1000,1903,1014
1764299013093,AAPL,SELL,MARKET,0.0,1000,1904,1012
1764299013111,AAPL,SELL,LIMIT,152.5,2000,1905,1058
1764299013139,AAPL,BUY,LIMIT,152.51,500,1906,1031
1764299013235,AAPL,SELL,LIMIT,152.7,500,1907,1041
1764299013268,AAPL,SELL,LIMIT,152.61,100,1908,1096
1764299013339,AAPL,SELL,LIMIT,152.58,2000,1909,1009
1764299013361,AAPL,SELL,LIMIT,152.48,2000,1910,1046
1764299013402,AAPL,SELL,LIMIT,152.4,5000,1911,1067
1764299013475,AAPL,BUY,LIMIT,152.25,5000,1912,1038
1764299013562,AAPL,SELL,LIMIT,152.26,2000,1913,1015
1764299013657,AAPL,SELL,LIMIT,152.28,200,1914,1035
1764299013672,AAPL,SELL,LIMIT,152.24,5000,1915,1075
1764299013756,AAPL,SELL,LIMIT,152.18,2000,1916,1068
1764299013838,AAPL,SELL,LIMIT,152.2,5000,1917,1035
1764299013882,AAPL,BUY,LIMIT,152.14,100,1918,1025
1764299013951,AAPL,BUY,LIMIT,152.17,5000,1919,1030
1764299013978,AAPL,SELL,LIMIT,152.32,5000,1920,1087
1764299014023,AAPL,BUY,MARKET,0.0,5000,1921,1086
1764299014038,AAPL,SELL,LIMIT,152.43,1000,1922,1037
1764299014068,AAPL,SELL,LIMIT,152.37,500,1923,1023
1764299014092,AAPL,SELL,LIMIT,152.42,2000,1924,1082
1764299014156,AAPL,BUY,LIMIT,152.34,100,1925,1097
1764299014255,AAPL,BUY,LIMIT,152.43,200,1926,1045
1764299014354,AAPL,SELL,LIMIT,152.44,500,1927,1021
1764299014417,AAPL,SELL,LIMIT,152.45,500,1928,1072
1764299014485,AAPL,SELL,LIMIT,152.54,100,1929,1062
1764299014500,AAPL,BUY,LIMIT,152.48,100,1930,1024
1764299014561,AAPL,BUY,LIMIT,152.56,200,1931,1013
1764299014643,AAPL,BUY,MARKET,0.0,500,1932,1063
1764299014652,AAPL,SELL,LIMIT,152.74,2000,1933,1091
1764299014751,AAPL,SELL,LIMIT,152.78,500,1934,1061
1764299014762,AAPL,SELL,MARKET,0.0,200,1935,1066
1764299014805,AAPL,SELL,LIMIT,152.72,2000,1936,1069
1764299014861,AAPL,BUY,MARKET,0.0,500,1937,1037
1764299014952,AAPL,BUY,MARKET,0.0,1000,1938,1034
1764299014994,AAPL,SELL,LIMIT,152.85,1000,1939,1063
1764299015069,AAPL,SELL,LIMIT,152.73,200,1940,1096
1764299015125,AAPL,SELL,LIMIT,152.68,100,1941,1064
1764299015223,AAPL,SELL,LIMIT,152.6,100,1942,1016
1764299015255,AAPL,SELL,LIMIT,152.63,100,1943,1033
1764299015321,AAPL,BUY,LIMIT,152.6,500,1944,1028
1764299015370,AAPL,SELL,LIMIT,152.75,100,1945,1022
1764299015431,AAPL,SELL,MARKET,0.0,200,1946,1002
1764299015469,AAPL,SELL,MARKET,0.0,1000,1947,1048
1764299015488,AAPL,BUY,LIMIT,152.58,100,1948,1039
1764299015558,AAPL,BUY,LIMIT,152.45,1000,1949,1045
1764299015606,AAPL,SELL,LIMIT,152.63,1000,1950,1060
1764299015632,AAPL,SELL,MARKET,0.0,200,1951,1035
1764299015645,AAPL,BUY,LIMIT,152.6,2000,1952,1056
1764299015724,AAPL,BUY,LIMIT,152.69,2000,1953,1029
1764299015797,AAPL,SELL,LIMIT,152.83,200,1954,1060
1764299015883,AAPL,SELL,LIMIT,152.69,2000,1955,1026
1764299015916,AAPL,SELL,LIMIT,152.79,500,1956,1048
1764299015943,AAPL,BUY,LIMIT,152.67,200,1957,1057
1764299015996,AAPL,BUY,LIMIT,152.7,100,1958,1078
1764299016029,AAPL,SELL,MARKET,0.0,500,1959,1041
1764299016036,AAPL,BUY,LIMIT,152.76,5000,1960,1095
1764299016114,AAPL,BUY,LIMIT,152.72,200,1961,1068
1764299016196,AAPL,SELL,MARKET,0.0,200,1962,1024
