timestamp,symbol,side,order_type,price,quantity,order_id,trader_id
1764298933605,GOOGL,BUY,LIMIT,150.04,5000,1,1029
1764298933648,GOOGL,SELL,LIMIT,150.14,2000,2,1057
1764298933716,GOOGL,BUY,LIMIT,149.99,100,3,1057
1764298933793,GOOGL,SELL,MARKET,0.0,1000,4,1041
1764298933887,GOOGL,SELL,LIMIT,150.03,100,5,1086
1764298933942,GOOGL,SELL,LIMIT,149.95,1000,6,1074
1764298933944,GOOGL,SELL,LIMIT,150.03,5000,7,1043
1764298933997,GOOGL,SELL,LIMIT,149.98,100,8,1066
1764298934050,GOOGL,BUY,LIMIT,149.86,100,9,1043
1764298934088,GOOGL,SELL,MARKET,0.0,500,10,1025
1764298934174,GOOGL,SELL,MARKET,0.0,1000,11,1002
1764298934271,GOOGL,SELL,LIMIT,149.95,5000,12,1045
1764298934288,GOOGL,BUY,LIMIT,149.92,100,13,1010
1764298934343,GOOGL,SELL,LIMIT,150.07,200,14,1083
1764298934391,GOOGL,BUY,LIMIT,150.0,5000,15,1043
1764298934447,GOOGL,BUY,LIMIT,150.02,200,16,1061
1764298934545,GOOGL,BUY,MARKET,0.0,5000,17,1036
1764298934591,GOOGL,SELL,LIMIT,149.9,100,18,1022
1764298934604,GOOGL,BUY,LIMIT,149.9,200,19,1038
1764298934657,GOOGL,SELL,LIMIT,149.96,200,20,1096
1764298934692,GOOGL,SELL,LIMIT,150.04,1000,21,1057
1764298934694,GOOGL,SELL,LIMIT,149.98,500,22,1010
1764298934782,GOOGL,BUY,LIMIT,149.87,200,23,1079
1764298934874,GOOGL,SELL,LIMIT,149.94,500,24,1086
1764298934949,GOOGL,BUY,LIMIT,149.85,100,25,1088
1764298934956,GOOGL,SELL,LIMIT,149.91,100,26,1028
1764298935047,GOOGL,BUY,MARKET,0.0,200,27,1022
1764298935065,GOOGL,SELL,MARKET,0.0,5000,28,1032
1764298935068,GOOGL,SELL,MARKET,0.0,2000,29,1081
1764298935118,GOOGL,SELL,LIMIT,149.99,200,30,1036
1764298935197,GOOGL,BUY,LIMIT,149.96,200,31,1092
1764298935254,GOOGL,SELL,LIMIT,150.16,5000,32,1087
1764298935285,GOOGL,SELL,LIMIT,150.13,500,33,1091
1764298935303,GOOGL,BUY,MARKET,0.0,1000,34,1000
1764298935374,GOOGL,SELL,LIMIT,150.17,1000,35,1036
1764298935388,GOOGL,BUY,MARKET,0.0,1000,36,1086
1764298935472,GOOGL,SELL,LIMIT,150.19,200,37,1009
1764298935539,GOOGL,BUY,LIMIT,150.12,5000,38,1061
1764298935600,GOOGL,SELL,LIMIT,150.14,100,39,1093
1764298935652,GOOGL,BUY,LIMIT,150.04,5000,40,1096
1764298935696,GOOGL,BUY,LIMIT,150.17,500,41,1085
1764298935732,GOOGL,BUY,MARKET,0.0,1000,42,1099
1764298935805,GOOGL,SELL,LIMIT,150.22,200,43,1052
1764298935900,GOOGL,SELL,LIMIT,150.22,1000,44,1052
1764298935944,GOOGL,SELL,LIMIT,150.23,100,45,1010
1764298935972,GOOGL,BUY,LIMIT,150.1,200,46,1090
1764298936046,GOOGL,SELL,LIMIT,150.27,200,47,1013
1764298936077,GOOGL,BUY,MARKET,0.0,200,48,1100
1764298936133,GOOGL,SELL,MARKET,0.0,2000,49,1089
1764298936162,GOOGL,SELL,LIMIT,150.1,500,50,1098
1764298936222,GOOGL,SELL,LIMIT,150.11,500,51,1061
1764298936235,GOOGL,BUY,LIMIT,150.03,1000,52,1049
1764298936322,GOOGL,SELL,MARKET,0.0,2000,53,1041
1764298936332,GOOGL,SELL,LIMIT,150.21,1000,54,1043
1764298936337,GOOGL,BUY,LIMIT,150.19,500,55,1090
1764298936353,GOOGL,SELL,LIMIT,150.35,200,56,1020
1764298936374,GOOGL,BUY,LIMIT,150.19,200,57,1086
1764298936406,GOOGL,BUY,LIMIT,150.22,100,58,1010
1764298936483,GOOGL,SELL,LIMIT,150.27,500,59,1055
1764298936501,GOOGL,BUY,LIMIT,150.27,200,60,1006
1764298936573,GOOGL,SELL,MARKET,0.0,2000,61,1066
1764298936589,GOOGL,SELL,LIMIT,150.37,200,62,1087
1764298936643,GOOGL,BUY,LIMIT,150.18,500,63,1079
1764298936684,GOOGL,BUY,MARKET,0.0,500,64,1049
1764298936724,GOOGL,SELL,MARKET,0.0,500,65,1081
1764298936801,GOOGL,BUY,LIMIT,150.16,5000,66,1062
1764298936809,GOOGL,BUY,MARKET,0.0,200,67,1014
1764298936868,GOOGL,SELL,LIMIT,150.39,2000,68,1094
1764298936882,GOOGL,BUY,LIMIT,150.37,500,69,1011
1764298936942,GOOGL,BUY,MARKET,0.0,1000,70,1082
1764298937030,GOOGL,SELL,LIMIT,150.33,2000,71,1097
1764298937123,GOOGL,SELL,LIMIT,150.33,1000,72,1006
1764298937131,GOOGL,BUY,LIMIT,150.38,200,73,1058
1764298937185,GOOGL,SELL,LIMIT,150.5,100,74,1023
1764298937207,GOOGL,SELL,LIMIT,150.58,100,75,1029
1764298937210,GOOGL,SELL,LIMIT,150.5,1000,76,1037
1764298937223,GOOGL,SELL,MARKET,0.0,2000,77,1023
1764298937254,GOOGL,SELL,LIMIT,150.4,500,78,1064
1764298937344,GOOGL,SELL,LIMIT,150.36,200,79,1078
1764298937400,GOOGL,BUY,MARKET,0.0,100,80,1060
1764298937426,GOOGL,BUY,LIMIT,150.36,2000,81,1093
1764298937464,GOOGL,SELL,MARKET,0.0,200,82,1088
1764298937523,GOOGL,SELL,LIMIT,150.49,5000,83,1089
1764298937583,GOOGL,BUY,LIMIT,150.39,200,84,1044
1764298937644,GOOGL,SELL,LIMIT,150.43,500,85,1060
1764298937734,GOOGL,SELL,MARKET,0.0,100,86,1080
1764298937805,GOOGL,BUY,MARKET,0.0,5000,87,1006
1764298937829,GOOGL,BUY,LIMIT,150.44,1000,88,1007
1764298937900,GOOGL,SELL,LIMIT,150.48,500,89,1043
1764298937951,GOOGL,BUY,MARKET,0.0,1000,90,1017
1764298937954,GOOGL,BUY,LIMIT,150.37,500,91,1019
1764298938042,GOOGL,BUY,LIMIT,150.29,1000,92,1060
1764298938058,GOOGL,SELL,LIMIT,150.43,200,93,1005
1764298938074,GOOGL,BUY,LIMIT,150.36,100,94,1082
1764298938170,GOOGL,SELL,LIMIT,150.41,5000,95,1015
1764298938236,GOOGL,BUY,LIMIT,150.27,100,96,1085
1764298938325,GOOGL,SELL,LIMIT,150.36,1000,97,1083
1764298938396,GOOGL,BUY,MARKET,0.0,1000,98,1040
1764298938489,GOOGL,BUY,MARKET,0.0,2000,99,1022
1764298938567,GOOGL,SELL,LIMIT,150.54,1000,100,1051
1764298938627,GOOGL,BUY,LIMIT,150.52,500,101,1032
1764298938697,GOOGL,SELL,LIMIT,150.72,2000,102,1059
1764298938765,GOOGL,BUY,LIMIT,150.64,2000,103,1016
1764298938839,GOOGL,BUY,LIMIT,150.65,5000,104,1064
1764298938848,GOOGL,BUY,LIMIT,150.56,200,105,1054
1764298938879,GOOGL,BUY,LIMIT,150.67,1000,106,1099
1764298938890,GOOGL,BUY,LIMIT,150.76,500,107,1077
1764298938968,GOOGL,SELL,LIMIT,150.84,2000,108,1091
1764298939017,GOOGL,SELL,LIMIT,150.84,2000,109,1021
1764298939031,GOOGL,SELL,MARKET,0.0,1000,110,1100
1764298939069,GOOGL,BUY,LIMIT,150.66,2000,111,1065
1764298939163,GOOGL,SELL,LIMIT,150.76,2000,112,1075
1764298939248,GOOGL,BUY,MARKET,0.0,100,113,1070
1764298939305,GOOGL,BUY,LIMIT,150.6,200,114,1011
1764298939360,GOOGL,BUY,LIMIT,150.65,2000,115,1000
1764298939381,GOOGL,SELL,MARKET,0.0,2000,116,1031
1764298939432,GOOGL,BUY,LIMIT,150.74,1000,117,1064
1764298939437,GOOGL,SELL,LIMIT,150.74,5000,118,1014
1764298939519,GOOGL,BUY,LIMIT,150.71,500,119,1045
1764298939547,GOOGL,SELL,LIMIT,150.87,1000,120,1047
1764298939581,GOOGL,BUY,LIMIT,150.81,5000,121,1092
1764298939586,GOOGL,SELL,LIMIT,150.98,2000,122,1012
1764298939648,GOOGL,SELL,LIMIT,150.94,200,123,1006
1764298939734,GOOGL,BUY,LIMIT,150.8,500,124,1075
1764298939819,GOOGL,SELL,LIMIT,150.9,100,125,1062
1764298939896,GOOGL,SELL,LIMIT,150.84,100,126,1084
1764298939960,GOOGL,BUY,LIMIT,150.67,500,127,1001
1764298940055,GOOGL,BUY,LIMIT,150.69,2000,128,1070
1764298940114,GOOGL,SELL,LIMIT,150.79,200,129,1048
1764298940179,GOOGL,SELL,MARKET,0.0,500,130,1067
1764298940259,GOOGL,BUY,LIMIT,150.8,2000,131,1033
1764298940358,GOOGL,SELL,LIMIT,151.0,5000,132,1075
1764298940415,GOOGL,SELL,LIMIT,150.96,200,133,1087
1764298940419,GOOGL,SELL,MARKET,0.0,200,134,1032
1764298940495,GOOGL,SELL,LIMIT,150.93,1000,135,1015
1764298940578,GOOGL,BUY,LIMIT,150.83,500,136,1071
1764298940609,GOOGL,SELL,MARKET,0.0,1000,137,1084
1764298940644,GOOGL,SELL,MARKET,0.0,1000,138,1043
1764298940698,GOOGL,BUY,MARKET,0.0,500,139,1071
1764298940714,GOOGL,SELL,LIMIT,151.02,100,140,1025
1764298940813,GOOGL,BUY,LIMIT,151.01,200,141,1047
1764298940901,GOOGL,BUY,LIMIT,151.04,100,142,1097
1764298940986,GOOGL,BUY,LIMIT,151.02,500,143,1018
1764298941004,GOOGL,BUY,LIMIT,151.01,1000,144,1079
1764298941059,GOOGL,SELL,LIMIT,151.16,1000,145,1067
1764298941146,GOOGL,SELL,LIMIT,151.08,2000,146,1028
1764298941158,GOOGL,SELL,LIMIT,151.19,2000,147,1032
1764298941245,GOOGL,SELL,LIMIT,151.12,100,148,1003
1764298941306,GOOGL,SELL,LIMIT,151.14,200,149,1001
1764298941359,GOOGL,BUY,LIMIT,151.0,100,150,1089
1764298941390,GOOGL,SELL,LIMIT,151.06,2000,151,1062
1764298941461,GOOGL,BUY,LIMIT,150.92,1000,152,1098
1764298941504,GOOGL,SELL,LIMIT,151.1,500,153,1097
1764298941547,GOOGL,BUY,LIMIT,150.97,100,154,1033
1764298941589,GOOGL,BUY,LIMIT,151.03,200,155,1050
1764298941689,GOOGL,BUY,MARKET,0.0,500,156,1055
1764298941690,GOOGL,BUY,LIMIT,151.03,5000,157,1088
1764298941773,GOOGL,BUY,LIMIT,151.01,5000,158,1089
1764298941803,GOOGL,BUY,LIMIT,150.97,200,159,1012
1764298941882,GOOGL,BUY,LIMIT,151.05,200,160,1004
1764298941979,GOOGL,SELL,LIMIT,151.07,5000,161,1057
1764298942027,GOOGL,BUY,MARKET,0.0,100,162,1021
1764298942108,GOOGL,SELL,LIMIT,150.94,500,163,1083
1764298942170,GOOGL,BUY,LIMIT,150.84,200,164,1056
1764298942256,GOOGL,BUY,MARKET,0.0,1000,165,1100
1764298942277,GOOGL,SELL,LIMIT,150.94,1000,166,1004
1764298942295,GOOGL,SELL,LIMIT,150.95,1000,167,1064
1764298942382,GOOGL,SELL,LIMIT,150.92,2000,168,1041
1764298942446,GOOGL,BUY,LIMIT,150.83,100,169,1022
1764298942473,GOOGL,BUY,LIMIT,150.77,100,170,1084
1764298942515,GOOGL,SELL,MARKET,0.0,1000,171,1054
1764298942531,GOOGL,SELL,LIMIT,151.07,100,172,1024
1764298942595,GOOGL,SELL,LIMIT,151.09,5000,173,1049
1764298942678,GOOGL,SELL,LIMIT,151.11,5000,174,1014
1764298942753,GOOGL,SELL,LIMIT,151.06,500,175,1008
1764298942809,GOOGL,SELL,LIMIT,150.93,500,176,1029
1764298942896,GOOGL,BUY,LIMIT,150.81,200,177,1050
1764298942967,GOOGL,BUY,LIMIT,150.91,2000,178,1058
1764298943004,GOOGL,SELL,LIMIT,150.92,200,179,1095
1764298943102,GOOGL,SELL,LIMIT,150.98,500,180,1090
1764298943182,GOOGL,BUY,LIMIT,150.78,500,181,1060
1764298943262,GOOGL,SELL,LIMIT,151.0,1000,182,1032
1764298943309,GOOGL,SELL,LIMIT,151.07,200,183,1098
1764298943390,GOOGL,BUY,LIMIT,150.9,500,184,1047
1764298943441,GOOGL,BUY,MARKET,0.0,2000,185,1080
1764298943510,GOOGL,BUY,MARKET,0.0,1000,186,1030
1764298943567,GOOGL,SELL,LIMIT,151.08,100,187,1092
1764298943577,GOOGL,BUY,LIMIT,150.92,1000,188,1056
1764298943677,GOOGL,BUY,LIMIT,150.89,2000,189,1068
1764298943704,GOOGL,BUY,LIMIT,150.94,500,190,1038
1764298943780,GOOGL,SELL,MARKET,0.0,2000,191,1006
1764298943795,GOOGL,BUY,LIMIT,151.04,200,192,1041
1764298943857,GOOGL,SELL,LIMIT,151.14,1000,193,1027
1764298943926,GOOGL,SELL,MARKET,0.0,200,194,1068
1764298943951,GOOGL,SELL,MARKET,0.0,5000,195,1036
1764298943989,GOOGL,SELL,LIMIT,151.24,500,196,1033
1764298944002,GOOGL,SELL,LIMIT,151.29,200,197,1013
1764298944019,GOOGL,SELL,LIMIT,151.26,2000,198,1059
1764298944060,GOOGL,BUY,LIMIT,151.14,2000,199,1069
1764298944150,GOOGL,BUY,MARKET,0.0,5000,200,1017
1764298944179,GOOGL,SELL,LIMIT,151.32,200,201,1026
1764298944213,GOOGL,SELL,LIMIT,151.32,200,202,1086
1764298944255,GOOGL,SELL,LIMIT,151.37,5000,203,1088
1764298944288,GOOGL,SELL,LIMIT,151.35,5000,204,1085
1764298944388,GOOGL,BUY,LIMIT,151.23,5000,205,1034
1764298944421,GOOGL,BUY,LIMIT,151.26,200,206,1018
1764298944466,GOOGL,BUY,MARKET,0.0,100,207,1001
1764298944543,GOOGL,SELL,LIMIT,151.38,2000,208,1024
1764298944603,GOOGL,BUY,LIMIT,151.32,1000,209,1044
1764298944676,GOOGL,BUY,LIMIT,151.22,2000,210,1091
1764298944690,GOOGL,SELL,LIMIT,151.25,200,211,1005
1764298944701,GOOGL,SELL,MARKET,0.0,1000,212,1015
1764298944767,GOOGL,BUY,LIMIT,151.25,500,213,1050
1764298944793,GOOGL,BUY,LIMIT,151.3,5000,214,1033
1764298944835,GOOGL,BUY,LIMIT,151.34,100,215,1053
1764298944859,GOOGL,BUY,LIMIT,151.37,500,216,1018
1764298944924,GOOGL,BUY,LIMIT,151.4,500,217,1021
1764298944985,GOOGL,SELL,LIMIT,151.55,200,218,1000
1764298945084,GOOGL,BUY,LIMIT,151.41,5000,219,1028
1764298945086,GOOGL,BUY,LIMIT,151.36,5000,220,1057
1764298945153,GOOGL,BUY,LIMIT,151.37,1000,221,1008
1764298945156,GOOGL,BUY,LIMIT,151.3,500,222,1039
1764298945206,GOOGL,SELL,LIMIT,151.3,500,223,1079
1764298945226,GOOGL,SELL,LIMIT,151.24,5000,224,1086
1764298945315,GOOGL,SELL,MARKET,0.0,200,225,1021
1764298945342,GOOGL,BUY,LIMIT,151.14,500,226,1047
1764298945386,GOOGL,BUY,LIMIT,151.17,2000,227,1049
1764298945452,GOOGL,BUY,MARKET,0.0,200,228,1046
1764298945484,GOOGL,SELL,MARKET,0.0,5000,229,1029
1764298945499,GOOGL,BUY,LIMIT,151.0,1000,230,1014
1764298945500,GOOGL,SELL,LIMIT,151.17,5000,231,1004
1764298945595,GOOGL,BUY,LIMIT,151.05,5000,232,1067
1764298945663,GOOGL,BUY,LIMIT,151.11,2000,233,1076
1764298945762,GOOGL,BUY,LIMIT,151.01,500,234,1053
1764298945818,GOOGL,SELL,LIMIT,151.12,200,235,1087
1764298945888,GOOGL,BUY,MARKET,0.0,100,236,1052
1764298945984,GOOGL,BUY,LIMIT,151.04,1000,237,1093
1764298946034,GOOGL,SELL,LIMIT,151.25,2000,238,1081
1764298946068,GOOGL,SELL,LIMIT,151.14,1000,239,1022
1764298946070,GOOGL,SELL,LIMIT,151.18,2000,240,1032
1764298946159,GOOGL,BUY,MARKET,0.0,1000,241,1009
1764298946190,GOOGL,BUY,LIMIT,151.09,5000,242,1001
1764298946197,GOOGL,BUY,MARKET,0.0,1000,243,1094
1764298946207,GOOGL,BUY,LIMIT,151.2,200,244,1016
1764298946306,GOOGL,BUY,MARKET,0.0,2000,245,1062
1764298946318,GOOGL,SELL,LIMIT,151.38,1000,246,1003
1764298946381,GOOGL,BUY,LIMIT,151.16,2000,247,1050
1764298946388,GOOGL,SELL,LIMIT,151.27,100,248,1048
1764298946451,GOOGL,SELL,LIMIT,151.26,5000,249,1007
1764298946452,GOOGL,SELL,LIMIT,151.39,2000,250,1034
1764298946466,GOOGL,BUY,LIMIT,151.31,200,251,1019
1764298946553,GOOGL,SELL,LIMIT,151.42,100,252,1083
1764298946582,GOOGL,SELL,LIMIT,151.35,200,253,1093
1764298946646,GOOGL,SELL,LIMIT,151.37,2000,254,1020
1764298946739,GOOGL,BUY,LIMIT,151.32,1000,255,1002
1764298946783,GOOGL,SELL,LIMIT,151.41,1000,256,1005
1764298946817,GOOGL,BUY,LIMIT,151.25,2000,257,1048
1764298946900,GOOGL,BUY,MARKET,0.0,100,258,1047
1764298946952,GOOGL,BUY,MARKET,0.0,2000,259,1056
1764298946954,GOOGL,SELL,MARKET,0.0,200,260,1048
1764298946977,GOOGL,BUY,LIMIT,151.21,1000,261,1038
1764298947038,GOOGL,SELL,LIMIT,151.24,5000,262,1027
1764298947053,GOOGL,BUY,MARKET,0.0,5000,263,1057
1764298947084,GOOGL,SELL,LIMIT,151.36,1000,264,1072
1764298947155,GOOGL,BUY,LIMIT,151.23,500,265,1086
1764298947171,GOOGL,BUY,LIMIT,151.11,1000,266,1095
1764298947220,GOOGL,BUY,LIMIT,151.18,2000,267,1064
1764298947224,GOOGL,SELL,LIMIT,151.29,500,268,1100
1764298947234,GOOGL,BUY,LIMIT,151.15,500,269,1072
1764298947319,GOOGL,SELL,LIMIT,151.2,5000,270,1024
1764298947394,GOOGL,BUY,MARKET,0.0,1000,271,1075
1764298947437,GOOGL,BUY,MARKET,0.0,200,272,1019
1764298947508,GOOGL,SELL,LIMIT,151.31,100,273,1017
1764298947511,GOOGL,SELL,LIMIT,151.31,2000,274,1060
1764298947547,GOOGL,SELL,LIMIT,151.17,100,275,1001
1764298947555,GOOGL,SELL,LIMIT,151.18,1000,276,1098
1764298947620,GOOGL,BUY,LIMIT,150.98,500,277,1090
1764298947627,GOOGL,SELL,MARKET,0.0,2000,278,1083
1764298947676,GOOGL,BUY,LIMIT,150.91,1000,279,1069
1764298947736,GOOGL,SELL,LIMIT,151.03,200,280,1000
1764298947782,GOOGL,SELL,MARKET,0.0,5000,281,1020
1764298947804,GOOGL,BUY,LIMIT,150.84,5000,282,1041
1764298947821,GOOGL,SELL,LIMIT,151.05,500,283,1058
1764298947841,GOOGL,SELL,LIMIT,151.15,2000,284,1000
1764298947867,GOOGL,BUY,LIMIT,150.97,5000,285,1093
1764298947961,GOOGL,SELL,LIMIT,151.07,2000,286,1009
1764298948032,GOOGL,SELL,LIMIT,151.12,2000,287,1028
1764298948062,GOOGL,SELL,LIMIT,151.03,200,288,1054
1764298948140,GOOGL,BUY,MARKET,0.0,2000,289,1049
1764298948203,GOOGL,SELL,LIMIT,150.95,100,290,1060
1764298948279,GOOGL,SELL,LIMIT,151.06,1000,291,1071
1764298948377,GOOGL,SELL,LIMIT,151.02,100,292,1073
1764298948416,GOOGL,SELL,LIMIT,151.04,500,293,1091
1764298948475,GOOGL,SELL,LIMIT,150.93,2000,294,1028
1764298948498,GOOGL,SELL,LIMIT,150.98,200,295,1019
1764298948533,GOOGL,SELL,LIMIT,151.1,1000,296,1088
1764298948590,GOOGL,BUY,LIMIT,150.91,1000,297,1060
1764298948592,GOOGL,SELL,LIMIT,150.97,100,298,1029
1764298948658,GOOGL,SELL,LIMIT,150.89,1000,299,1034
1764298948748,GOOGL,SELL,LIMIT,150.94,1000,300,1012
1764298948775,GOOGL,SELL,LIMIT,151.01,1000,301,1058
1764298948835,GOOGL,BUY,LIMIT,150.95,500,302,1002
1764298948893,GOOGL,BUY,LIMIT,151.03,1000,303,1002
1764298948912,GOOGL,BUY,LIMIT,150.92,1000,304,1048
1764298948974,GOOGL,BUY,LIMIT,150.94,2000,305,1050
1764298948992,GOOGL,SELL,LIMIT,151.0,2000,306,1014
1764298949013,GOOGL,BUY,LIMIT,150.87,1000,307,1080
1764298949070,GOOGL,SELL,LIMIT,150.99,1000,308,1030
1764298949094,GOOGL,SELL,MARKET,0.0,500,309,1037
1764298949115,GOOGL,SELL,MARKET,0.0,500,310,1063
1764298949199,GOOGL,SELL,MARKET,0.0,1000,311,1042
1764298949215,GOOGL,SELL,LIMIT,150.98,500,312,1049
1764298949303,GOOGL,BUY,LIMIT,150.81,1000,313,1069
1764298949359,GOOGL,BUY,LIMIT,150.82,5000,314,1043
1764298949428,GOOGL,BUY,LIMIT,150.87,500,315,1011
1764298949453,GOOGL,SELL,LIMIT,150.96,500,316,1029
1764298949504,GOOGL,SELL,LIMIT,151.04,200,317,1035
1764298949602,GOOGL,BUY,LIMIT,150.93,5000,318,1036
1764298949657,GOOGL,SELL,MARKET,0.0,200,319,1027
1764298949709,GOOGL,BUY,LIMIT,150.79,1000,320,1041
1764298949727,GOOGL,SELL,LIMIT,150.99,1000,321,1094
1764298949737,GOOGL,SELL,LIMIT,151.02,100,322,1098
1764298949815,GOOGL,BUY,LIMIT,150.98,200,323,1097
1764298949863,GOOGL,BUY,LIMIT,150.97,1000,324,1061
1764298949957,GOOGL,BUY,LIMIT,151.02,2000,325,1051
1764298950046,GOOGL,SELL,LIMIT,151.15,200,326,1070
1764298950091,GOOGL,BUY,LIMIT,151.04,1000,327,1049
1764298950178,GOOGL,SELL,LIMIT,151.24,5000,328,1014
1764298950275,GOOGL,BUY,MARKET,0.0,200,329,1078
1764298950326,GOOGL,SELL,LIMIT,151.09,200,330,1094
1764298950395,GOOGL,BUY,LIMIT,151.04,500,331,1041
1764298950460,GOOGL,BUY,LIMIT,151.02,100,332,1026
1764298950510,GOOGL,BUY,LIMIT,150.98,5000,333,1099
1764298950545,GOOGL,SELL,LIMIT,151.06,2000,334,1090
1764298950631,GOOGL,SELL,LIMIT,151.02,5000,335,1098
1764298950716,GOOGL,BUY,LIMIT,150.85,100,336,1080
1764298950804,GOOGL,BUY,MARKET,0.0,5000,337,1046
1764298950904,GOOGL,SELL,MARKET,0.0,500,338,1063
1764298950963,GOOGL,BUY,LIMIT,150.81,500,339,1046
1764298951029,GOOGL,SELL,MARKET,0.0,200,340,1077
1764298951034,GOOGL,SELL,LIMIT,151.02,1000,341,1087
1764298951040,GOOGL,BUY,MARKET,0.0,500,342,1092
1764298951089,GOOGL,BUY,LIMIT,150.9,500,343,1096
1764298951125,GOOGL,BUY,LIMIT,150.97,5000,344,1020
1764298951141,GOOGL,SELL,MARKET,0.0,1000,345,1070
1764298951214,GOOGL,BUY,LIMIT,151.0,2000,346,1100
1764298951299,GOOGL,SELL,LIMIT,151.08,200,347,1037
1764298951393,GOOGL,BUY,MARKET,0.0,5000,348,1025
1764298951425,GOOGL,BUY,LIMIT,150.96,5000,349,1049
1764298951479,GOOGL,BUY,LIMIT,150.88,5000,350,1027
1764298951578,GOOGL,SELL,LIMIT,151.02,1000,351,1005
1764298951669,GOOGL,SELL,MARKET,0.0,1000,352,1015
1764298951674,GOOGL,BUY,LIMIT,150.89,500,353,1082
1764298951733,GOOGL,BUY,LIMIT,150.85,200,354,1069
1764298951779,GOOGL,BUY,LIMIT,150.77,1000,355,1035
1764298951825,GOOGL,SELL,LIMIT,150.92,2000,356,1081
1764298951864,GOOGL,BUY,LIMIT,150.78,2000,357,1089
1764298951866,GOOGL,BUY,LIMIT,150.83,1000,358,1086
1764298951871,GOOGL,SELL,LIMIT,150.99,1000,359,1007
1764298951888,GOOGL,BUY,MARKET,0.0,5000,360,1035
1764298951889,GOOGL,BUY,MARKET,0.0,5000,361,1089
1764298951973,GOOGL,SELL,LIMIT,151.01,2000,362,1003
1764298951980,GOOGL,SELL,LIMIT,151.04,2000,363,1046
1764298951992,GOOGL,BUY,MARKET,0.0,1000,364,1043
1764298952062,GOOGL,SELL,LIMIT,151.13,1000,365,1096
1764298952160,GOOGL,SELL,MARKET,0.0,5000,366,1077
1764298952241,GOOGL,SELL,LIMIT,151.2,200,367,1047
1764298952298,GOOGL,BUY,LIMIT,151.04,500,368,1084
1764298952398,GOOGL,SELL,LIMIT,151.17,1000,369,1080
1764298952433,GOOGL,SELL,MARKET,0.0,100,370,1076
1764298952508,GOOGL,SELL,LIMIT,151.29,1000,371,1018
1764298952568,GOOGL,BUY,LIMIT,151.18,2000,372,1047
1764298952658,GOOGL,SELL,LIMIT,151.39,200,373,1051
1764298952674,GOOGL,SELL,LIMIT,151.28,100,374,1099
1764298952703,GOOGL,SELL,LIMIT,151.26,1000,375,1084
1764298952735,GOOGL,BUY,LIMIT,151.14,500,376,1046
1764298952750,GOOGL,BUY,LIMIT,151.12,500,377,1040
1764298952846,GOOGL,SELL,LIMIT,151.13,2000,378,1023
1764298952916,GOOGL,SELL,LIMIT,151.21,100,379,1086
1764298952959,GOOGL,BUY,LIMIT,151.02,1000,380,1097
1764298953059,GOOGL,BUY,LIMIT,151.07,100,381,1021
1764298953148,GOOGL,BUY,LIMIT,151.04,200,382,1037
1764298953241,GOOGL,SELL,LIMIT,151.17,500,383,1051
1764298953309,GOOGL,SELL,MARKET,0.0,5000,384,1080
1764298953356,GOOGL,SELL,LIMIT,151.1,500,385,1068
1764298953412,GOOGL,BUY,LIMIT,150.98,100,386,1003
1764298953477,GOOGL,SELL,MARKET,0.0,200,387,1091
1764298953545,GOOGL,SELL,LIMIT,151.18,2000,388,1072
1764298953619,GOOGL,BUY,MARKET,0.0,200,389,1059
1764298953654,GOOGL,SELL,LIMIT,151.08,200,390,1020
1764298953685,GOOGL,BUY,LIMIT,151.02,500,391,1043
1764298953750,GOOGL,BUY,LIMIT,151.01,500,392,1070
1764298953832,GOOGL,BUY,LIMIT,151.03,5000,393,1060
1764298953893,GOOGL,SELL,LIMIT,151.27,500,394,1073
1764298953894,GOOGL,SELL,LIMIT,151.17,100,395,1070
1764298953965,GOOGL,BUY,MARKET,0.0,1000,396,1032
1764298954020,GOOGL,SELL,LIMIT,151.27,2000,397,1057
1764298954089,GOOGL,BUY,LIMIT,151.17,500,398,1007
1764298954147,GOOGL,SELL,MARKET,0.0,1000,399,1045
1764298954150,GOOGL,BUY,LIMIT,151.07,100,400,1057
1764298954153,GOOGL,BUY,LIMIT,151.11,500,401,1041
1764298954192,GOOGL,BUY,LIMIT,151.05,2000,402,1017
1764298954248,GOOGL,BUY,MARKET,0.0,5000,403,1005
1764298954278,GOOGL,BUY,LIMIT,150.95,500,404,1027
1764298954307,GOOGL,SELL,MARKET,0.0,5000,405,1080
1764298954332,GOOGL,BUY,LIMIT,150.91,500,406,1002
1764298954341,GOOGL,SELL,LIMIT,150.98,200,407,1022
1764298954400,GOOGL,SELL,MARKET,0.0,2000,408,1064
1764298954424,GOOGL,BUY,MARKET,0.0,2000,409,1061
1764298954460,GOOGL,SELL,LIMIT,150.86,100,410,1025
1764298954476,GOOGL,BUY,MARKET,0.0,5000,411,1077
1764298954547,GOOGL,BUY,LIMIT,150.74,100,412,1008
1764298954578,GOOGL,BUY,LIMIT,150.77,2000,413,1078
1764298954651,GOOGL,BUY,LIMIT,150.86,2000,414,1085
1764298954674,GOOGL,SELL,MARKET,0.0,2000,415,1020
1764298954691,GOOGL,BUY,LIMIT,150.78,2000,416,1060
1764298954789,GOOGL,SELL,LIMIT,150.94,5000,417,1011
1764298954793,GOOGL,BUY,LIMIT,150.91,1000,418,1046
1764298954849,GOOGL,BUY,LIMIT,150.78,100,419,1032
1764298954930,GOOGL,SELL,LIMIT,150.95,2000,420,1077
1764298954997,GOOGL,SELL,MARKET,0.0,2000,421,1086
1764298955034,GOOGL,BUY,MARKET,0.0,500,422,1044
1764298955072,GOOGL,BUY,LIMIT,150.86,500,423,1079
1764298955105,GOOGL,SELL,LIMIT,150.96,500,424,1070
1764298955181,GOOGL,BUY,LIMIT,150.77,5000,425,1092
1764298955280,GOOGL,BUY,LIMIT,150.81,5000,426,1087
1764298955349,GOOGL,BUY,LIMIT,150.8,1000,427,1055
1764298955362,GOOGL,BUY,LIMIT,150.76,2000,428,1020
1764298955428,GOOGL,SELL,LIMIT,150.93,5000,429,1053
1764298955468,GOOGL,SELL,LIMIT,150.88,100,430,1020
1764298955517,GOOGL,BUY,LIMIT,150.84,500,431,1059
1764298955553,GOOGL,BUY,LIMIT,150.81,1000,432,1083
1764298955623,GOOGL,SELL,MARKET,0.0,200,433,1066
1764298955663,GOOGL,SELL,LIMIT,150.91,200,434,1081
1764298955717,GOOGL,BUY,MARKET,0.0,5000,435,1086
1764298955760,GOOGL,SELL,MARKET,0.0,1000,436,1001
1764298955813,GOOGL,SELL,LIMIT,150.99,2000,437,1084
1764298955884,GOOGL,SELL,LIMIT,150.93,100,438,1005
1764298955964,GOOGL,BUY,MARKET,0.0,500,439,1010
1764298956055,GOOGL,SELL,LIMIT,150.87,2000,440,1088
1764298956131,GOOGL,BUY,LIMIT,150.8,1000,441,1013
1764298956175,GOOGL,SELL,MARKET,0.0,2000,442,1027
1764298956248,GOOGL,SELL,LIMIT,150.89,2000,443,1084
1764298956331,GOOGL,SELL,MARKET,0.0,100,444,1019
1764298956409,GOOGL,SELL,LIMIT,150.91,200,445,1065
1764298956410,GOOGL,BUY,LIMIT,150.78,100,446,1085
1764298956412,GOOGL,SELL,LIMIT,150.9,500,447,1053
1764298956437,GOOGL,BUY,MARKET,0.0,5000,448,1047
1764298956533,GOOGL,BUY,LIMIT,150.92,1000,449,1015
1764298956617,GOOGL,SELL,MARKET,0.0,1000,450,1098
1764298956665,GOOGL,BUY,LIMIT,150.94,5000,451,1077
1764298956690,GOOGL,BUY,MARKET,0.0,200,452,1032
1764298956788,GOOGL,SELL,LIMIT,151.18,5000,453,1033
1764298956826,GOOGL,BUY,LIMIT,151.06,5000,454,1064
1764298956836,GOOGL,SELL,MARKET,0.0,5000,455,1029
1764298956864,GOOGL,BUY,MARKET,0.0,500,456,1000
1764298956899,GOOGL,BUY,LIMIT,151.04,500,457,1024
1764298956963,GOOGL,BUY,LIMIT,151.05,200,458,1037
1764298957056,GOOGL,BUY,LIMIT,151.16,2000,459,1028
1764298957125,GOOGL,BUY,LIMIT,151.09,1000,460,1078
1764298957139,GOOGL,BUY,MARKET,0.0,100,461,1004
1764298957191,GOOGL,BUY,LIMIT,151.06,1000,462,1017
1764298957192,GOOGL,SELL,LIMIT,151.14,5000,463,1035
1764298957248,GOOGL,SELL,LIMIT,151.14,500,464,1025
1764298957329,GOOGL,BUY,LIMIT,150.93,1000,465,1011
1764298957332,GOOGL,SELL,LIMIT,151.01,5000,466,1036
1764298957418,GOOGL,SELL,LIMIT,150.9,2000,467,1042
1764298957483,GOOGL,BUY,LIMIT,150.81,1000,468,1042
1764298957505,GOOGL,BUY,LIMIT,150.84,100,469,1080
1764298957518,GOOGL,SELL,MARKET,0.0,2000,470,1049
1764298957569,GOOGL,SELL,LIMIT,151.01,5000,471,1016
1764298957610,GOOGL,BUY,LIMIT,150.91,2000,472,1063
1764298957694,GOOGL,BUY,LIMIT,150.88,5000,473,1091
1764298957746,GOOGL,BUY,MARKET,0.0,1000,474,1013
1764298957821,GOOGL,SELL,LIMIT,150.84,2000,475,1080
1764298957896,GOOGL,BUY,LIMIT,150.86,1000,476,1030
1764298957935,GOOGL,SELL,LIMIT,151.04,200,477,1016
1764298957951,GOOGL,BUY,LIMIT,150.94,200,478,1079
1764298957985,GOOGL,SELL,MARKET,0.0,500,479,1086
1764298958036,GOOGL,BUY,LIMIT,151.01,500,480,1029
1764298958091,GOOGL,SELL,LIMIT,150.96,100,481,1013
1764298958116,GOOGL,BUY,LIMIT,151.0,2000,482,1073
1764298958182,GOOGL,SELL,LIMIT,151.08,200,483,1045
1764298958217,GOOGL,BUY,LIMIT,150.86,100,484,1018
1764298958267,GOOGL,BUY,LIMIT,150.82,1000,485,1081
1764298958336,GOOGL,BUY,LIMIT,150.84,100,486,1028
1764298958365,GOOGL,BUY,LIMIT,150.9,2000,487,1017
1764298958463,GOOGL,BUY,LIMIT,150.87,5000,488,1036
1764298958561,GOOGL,SELL,LIMIT,151.02,100,489,1067
1764298958635,GOOGL,BUY,LIMIT,150.81,200,490,1037
1764298958687,GOOGL,BUY,LIMIT,150.9,1000,491,1055
1764298958716,GOOGL,BUY,LIMIT,150.9,200,492,1070
1764298958793,GOOGL,SELL,LIMIT,151.02,100,493,1021
1764298958893,GOOGL,BUY,LIMIT,150.86,100,494,1078
1764298958934,GOOGL,BUY,LIMIT,150.85,5000,495,1096
1764298958936,GOOGL,BUY,MARKET,0.0,200,496,1002
1764298959012,GOOGL,SELL,LIMIT,150.85,5000,497,1077
1764298959078,GOOGL,BUY,LIMIT,150.79,2000,498,1070
1764298959139,GOOGL,SELL,MARKET,0.0,5000,499,1016
1764298959171,GOOGL,SELL,MARKET,0.0,100,500,1086
1764298959249,GOOGL,BUY,LIMIT,150.78,200,501,1092
1764298959259,GOOGL,BUY,LIMIT,150.71,5000,502,1039
1764298959286,GOOGL,SELL,LIMIT,150.85,500,503,1022
1764298959384,GOOGL,BUY,LIMIT,150.72,1000,504,1018
1764298959454,GOOGL,BUY,LIMIT,150.7,200,505,1008
1764298959499,GOOGL,BUY,LIMIT,150.68,2000,506,1067
1764298959583,GOOGL,SELL,LIMIT,150.82,200,507,1012
1764298959610,GOOGL,SELL,LIMIT,150.77,2000,508,1079
1764298959628,GOOGL,SELL,LIMIT,150.86,500,509,1061
1764298959699,GOOGL,SELL,LIMIT,150.74,100,510,1018
1764298959715,GOOGL,SELL,LIMIT,150.69,500,511,1087
1764298959736,GOOGL,BUY,MARKET,0.0,500,512,1002
1764298959803,GOOGL,BUY,MARKET,0.0,2000,513,1068
1764298959807,GOOGL,SELL,LIMIT,150.7,2000,514,1013
1764298959877,GOOGL,SELL,LIMIT,150.63,2000,515,1082
1764298959918,GOOGL,SELL,LIMIT,150.53,1000,516,1097
1764298959924,GOOGL,SELL,LIMIT,150.45,500,517,1033
1764298959995,GOOGL,SELL,LIMIT,150.44,2000,518,1041
1764298960004,GOOGL,BUY,LIMIT,150.25,2000,519,1089
1764298960051,GOOGL,SELL,LIMIT,150.31,200,520,1029
1764298960081,GOOGL,SELL,LIMIT,150.38,1000,521,1084
1764298960141,GOOGL,BUY,LIMIT,150.3,500,522,1097
1764298960177,GOOGL,BUY,LIMIT,150.21,1000,523,1060
1764298960233,GOOGL,BUY,MARKET,0.0,500,524,1095
1764298960331,GOOGL,BUY,LIMIT,150.17,200,525,1052
1764298960400,GOOGL,SELL,LIMIT,150.17,2000,526,1041
1764298960423,GOOGL,SELL,LIMIT,150.14,2000,527,1061
1764298960484,GOOGL,SELL,LIMIT,150.18,1000,528,1016
1764298960522,GOOGL,SELL,LIMIT,150.2,1000,529,1044
1764298960582,GOOGL,BUY,LIMIT,150.07,200,530,1033
1764298960666,GOOGL,BUY,LIMIT,149.96,200,531,1072
1764298960757,GOOGL,SELL,LIMIT,150.04,100,532,1000
1764298960833,GOOGL,BUY,LIMIT,149.92,500,533,1056
1764298960836,GOOGL,BUY,LIMIT,149.89,1000,534,1092
1764298960864,GOOGL,BUY,LIMIT,149.91,500,535,1066
1764298960947,GOOGL,SELL,LIMIT,149.99,200,536,1056
1764298960969,GOOGL,SELL,MARKET,0.0,100,537,1096
1764298961034,GOOGL,BUY,LIMIT,149.94,5000,538,1014
1764298961108,GOOGL,BUY,LIMIT,149.94,200,539,1011
1764298961165,GOOGL,BUY,MARKET,0.0,500,540,1022
1764298961265,GOOGL,SELL,LIMIT,150.17,5000,541,1099
1764298961325,GOOGL,BUY,LIMIT,150.17,1000,542,1049
1764298961328,GOOGL,BUY,LIMIT,150.22,1000,543,1018
1764298961405,GOOGL,SELL,LIMIT,150.4,2000,544,1015
1764298961445,GOOGL,BUY,LIMIT,150.32,500,545,1088
1764298961536,GOOGL,SELL,LIMIT,150.51,1000,546,1070
1764298961610,GOOGL,SELL,LIMIT,150.37,2000,547,1061
1764298961697,GOOGL,SELL,LIMIT,150.45,200,548,1076
1764298961776,GOOGL,BUY,LIMIT,150.35,500,549,1060
1764298961843,GOOGL,BUY,MARKET,0.0,2000,550,1015
1764298961929,GOOGL,BUY,LIMIT,150.37,100,551,1028
1764298961960,GOOGL,SELL,LIMIT,150.5,5000,552,1043
1764298962046,GOOGL,BUY,LIMIT,150.25,100,553,1015
1764298962064,GOOGL,SELL,LIMIT,150.39,2000,554,1047
1764298962113,GOOGL,BUY,LIMIT,150.33,100,555,1023
1764298962118,GOOGL,SELL,LIMIT,150.49,1000,556,1027
1764298962199,GOOGL,SELL,LIMIT,150.43,2000,557,1073
1764298962201,GOOGL,BUY,MARKET,0.0,500,558,1009
1764298962297,GOOGL,BUY,LIMIT,150.39,2000,559,1094
1764298962389,GOOGL,BUY,LIMIT,150.37,500,560,1025
1764298962401,GOOGL,BUY,LIMIT,150.31,5000,561,1054
1764298962455,GOOGL,BUY,LIMIT,150.37,2000,562,1098
1764298962531,GOOGL,BUY,LIMIT,150.4,5000,563,1028
1764298962631,GOOGL,BUY,LIMIT,150.28,500,564,1069
1764298962718,GOOGL,BUY,LIMIT,150.26,5000,565,1012
1764298962789,GOOGL,BUY,LIMIT,150.31,500,566,1059
1764298962835,GOOGL,BUY,LIMIT,150.22,5000,567,1023
1764298962875,GOOGL,BUY,LIMIT,150.25,100,568,1021
1764298962940,GOOGL,BUY,LIMIT,150.31,2000,569,1099
1764298962942,GOOGL,BUY,LIMIT,150.44,5000,570,1010
1764298962992,GOOGL,BUY,MARKET,0.0,100,571,1059
1764298963086,GOOGL,BUY,LIMIT,150.39,1000,572,1014
1764298963146,GOOGL,BUY,LIMIT,150.32,200,573,1054
1764298963189,GOOGL,SELL,MARKET,0.0,2000,574,1017
1764298963286,GOOGL,BUY,LIMIT,150.39,100,575,1031
1764298963318,GOOGL,SELL,LIMIT,150.48,1000,576,1027
1764298963402,GOOGL,BUY,LIMIT,150.37,200,577,1001
1764298963497,GOOGL,SELL,LIMIT,150.46,500,578,1055
1764298963518,GOOGL,SELL,LIMIT,150.37,2000,579,1052
1764298963570,GOOGL,BUY,MARKET,0.0,200,580,1003
1764298963606,GOOGL,SELL,MARKET,0.0,100,581,1054
1764298963677,GOOGL,BUY,MARKET,0.0,100,582,1026
1764298963680,GOOGL,BUY,LIMIT,150.43,500,583,1040
1764298963766,GOOGL,BUY,LIMIT,150.57,200,584,1058
1764298963851,GOOGL,BUY,LIMIT,150.49,200,585,1014
1764298963890,GOOGL,BUY,LIMIT,150.49,2000,586,1066
1764298963989,GOOGL,BUY,LIMIT,150.44,2000,587,1048
1764298964023,GOOGL,SELL,LIMIT,150.56,2000,588,1020
1764298964078,GOOGL,SELL,LIMIT,150.59,200,589,1018
1764298964172,GOOGL,SELL,LIMIT,150.59,5000,590,1056
1764298964207,GOOGL,BUY,LIMIT,150.56,100,591,1003
1764298964242,GOOGL,BUY,LIMIT,150.58,100,592,1007
1764298964322,GOOGL,SELL,LIMIT,150.72,500,593,1065
1764298964343,GOOGL,SELL,LIMIT,150.7,100,594,1100
1764298964387,GOOGL,SELL,LIMIT,150.8,200,595,1027
1764298964450,GOOGL,SELL,LIMIT,150.83,500,596,1098
1764298964467,GOOGL,SELL,LIMIT,150.78,1000,597,1031
1764298964536,GOOGL,SELL,LIMIT,150.66,2000,598,1066
1764298964628,GOOGL,SELL,LIMIT,150.69,500,599,1084
1764298964716,GOOGL,SELL,MARKET,0.0,500,600,1042
1764298964780,GOOGL,SELL,MARKET,0.0,5000,601,1080
1764298964792,GOOGL,BUY,LIMIT,150.6,200,602,1039
1764298964871,GOOGL,SELL,LIMIT,150.63,1000,603,1058
1764298964955,GOOGL,BUY,LIMIT,150.56,5000,604,1053
1764298964957,GOOGL,SELL,LIMIT,150.79,200,605,1029
1764298964994,GOOGL,SELL,LIMIT,150.67,500,606,1007
1764298965070,GOOGL,BUY,LIMIT,150.44,5000,607,1052
1764298965146,GOOGL,SELL,LIMIT,150.58,200,608,1056
1764298965170,GOOGL,SELL,LIMIT,150.65,5000,609,1064
1764298965232,GOOGL,SELL,MARKET,0.0,500,610,1091
1764298965270,GOOGL,SELL,MARKET,0.0,2000,611,1020
1764298965346,GOOGL,SELL,LIMIT,150.88,5000,612,1089
1764298965436,GOOGL,BUY,LIMIT,150.74,2000,613,1071
1764298965478,GOOGL,BUY,LIMIT,150.76,100,614,1005
1764298965526,GOOGL,BUY,LIMIT,150.71,2000,615,1093
1764298965537,GOOGL,SELL,LIMIT,150.9,1000,616,1096
1764298965559,GOOGL,SELL,LIMIT,150.85,2000,617,1096
1764298965578,GOOGL,BUY,MARKET,0.0,200,618,1012
1764298965594,GOOGL,BUY,MARKET,0.0,100,619,1040
1764298965618,GOOGL,SELL,LIMIT,150.78,500,620,1085
1764298965626,GOOGL,BUY,LIMIT,150.79,100,621,1028
1764298965666,GOOGL,SELL,LIMIT,151.01,1000,622,1099
1764298965692,GOOGL,SELL,LIMIT,151.07,200,623,1049
1764298965751,GOOGL,BUY,LIMIT,150.86,100,624,1055
1764298965787,GOOGL,SELL,MARKET,0.0,100,625,1081
1764298965854,GOOGL,BUY,LIMIT,150.85,100,626,1066
1764298965944,GOOGL,SELL,LIMIT,151.08,500,627,1010
1764298965947,GOOGL,SELL,LIMIT,150.97,1000,628,1023
1764298966036,GOOGL,BUY,MARKET,0.0,2000,629,1008
1764298966096,GOOGL,SELL,LIMIT,151.03,2000,630,1001
1764298966120,GOOGL,SELL,LIMIT,150.97,500,631,1040
1764298966165,GOOGL,BUY,LIMIT,150.8,500,632,1016
1764298966197,GOOGL,BUY,LIMIT,150.89,2000,633,1091
1764298966240,GOOGL,BUY,LIMIT,150.92,200,634,1003
1764298966300,GOOGL,SELL,LIMIT,151.04,200,635,1070
1764298966388,GOOGL,BUY,LIMIT,151.0,200,636,1008
1764298966422,GOOGL,SELL,LIMIT,151.06,5000,637,1068
1764298966433,GOOGL,BUY,LIMIT,150.91,500,638,1049
1764298966481,GOOGL,SELL,MARKET,0.0,5000,639,1030
1764298966506,GOOGL,SELL,LIMIT,150.94,100,640,1034
1764298966581,GOOGL,BUY,LIMIT,150.93,5000,641,1075
1764298966643,GOOGL,BUY,LIMIT,150.93,2000,642,1092
1764298966693,GOOGL,BUY,LIMIT,151.0,100,643,1031
1764298966761,GOOGL,SELL,LIMIT,151.12,1000,644,1052
1764298966855,GOOGL,SELL,LIMIT,151.12,100,645,1045
1764298966913,GOOGL,BUY,LIMIT,151.05,2000,646,1033
1764298966921,GOOGL,BUY,LIMIT,151.09,1000,647,1061
1764298967012,GOOGL,BUY,LIMIT,151.1,5000,648,1039
1764298967054,GOOGL,SELL,LIMIT,151.16,500,649,1086
1764298967088,GOOGL,SELL,LIMIT,151.05,200,650,1060
1764298967188,GOOGL,SELL,LIMIT,151.13,2000,651,1014
1764298967282,GOOGL,BUY,LIMIT,150.96,100,652,1010
1764298967339,GOOGL,BUY,LIMIT,150.87,2000,653,1014
1764298967389,GOOGL,BUY,MARKET,0.0,200,654,1011
1764298967472,GOOGL,SELL,LIMIT,150.98,2000,655,1085
1764298967511,GOOGL,BUY,LIMIT,150.95,500,656,1049
1764298967580,GOOGL,BUY,LIMIT,151.05,1000,657,1098
1764298967675,GOOGL,BUY,MARKET,0.0,5000,658,1076
1764298967676,GOOGL,SELL,MARKET,0.0,200,659,1004
1764298967690,GOOGL,SELL,MARKET,0.0,500,660,1044
1764298967774,GOOGL,SELL,LIMIT,151.25,1000,661,1034
1764298967798,GOOGL,SELL,LIMIT,151.19,5000,662,1051
1764298967851,GOOGL,BUY,LIMIT,151.04,5000,663,1085
1764298967948,GOOGL,BUY,LIMIT,150.98,5000,664,1020
1764298968020,GOOGL,BUY,LIMIT,151.04,500,665,1022
1764298968106,GOOGL,SELL,LIMIT,151.18,1000,666,1002
1764298968197,GOOGL,SELL,LIMIT,151.24,200,667,1093
1764298968274,GOOGL,BUY,LIMIT,151.05,100,668,1017
1764298968336,GOOGL,SELL,LIMIT,151.16,500,669,1001
1764298968378,GOOGL,SELL,MARKET,0.0,1000,670,1026
1764298968468,GOOGL,BUY,LIMIT,150.97,200,671,1059
1764298968507,GOOGL,BUY,LIMIT,151.06,1000,672,1095
1764298968601,GOOGL,BUY,LIMIT,151.05,1000,673,1014
1764298968610,GOOGL,BUY,LIMIT,151.0,100,674,1040
1764298968646,GOOGL,SELL,MARKET,0.0,5000,675,1096
1764298968696,GOOGL,BUY,MARKET,0.0,200,676,1089
1764298968719,GOOGL,BUY,MARKET,0.0,5000,677,1052
1764298968804,GOOGL,SELL,LIMIT,151.15,100,678,1031
1764298968865,GOOGL,BUY,MARKET,0.0,200,679,1019
1764298968963,GOOGL,SELL,LIMIT,151.04,2000,680,1051
1764298969010,GOOGL,BUY,LIMIT,150.98,500,681,1071
1764298969083,GOOGL,BUY,LIMIT,150.94,100,682,1002
1764298969141,GOOGL,BUY,LIMIT,151.0,5000,683,1010
1764298969217,GOOGL,SELL,LIMIT,151.2,200,684,1045
1764298969288,GOOGL,BUY,LIMIT,151.02,1000,685,1015
1764298969373,GOOGL,SELL,LIMIT,151.03,1000,686,1036
1764298969412,GOOGL,SELL,LIMIT,151.1,2000,687,1089
1764298969413,GOOGL,BUY,MARKET,0.0,2000,688,1040
1764298969414,GOOGL,BUY,LIMIT,151.02,1000,689,1085
1764298969503,GOOGL,SELL,LIMIT,151.04,5000,690,1082
1764298969603,GOOGL,BUY,LIMIT,151.01,5000,691,1001
1764298969659,GOOGL,SELL,MARKET,0.0,5000,692,1005
1764298969718,GOOGL,SELL,LIMIT,151.15,5000,693,1062
1764298969774,GOOGL,SELL,LIMIT,151.11,500,694,1036
1764298969797,GOOGL,SELL,LIMIT,151.11,5000,695,1080
1764298969873,GOOGL,SELL,LIMIT,151.2,200,696,1043
1764298969932,GOOGL,SELL,LIMIT,151.2,2000,697,1097
1764298969973,GOOGL,SELL,MARKET,0.0,5000,698,1094
1764298969977,GOOGL,BUY,LIMIT,151.04,200,699,1012
1764298969992,GOOGL,SELL,LIMIT,151.17,5000,700,1063
1764298970092,GOOGL,SELL,LIMIT,151.15,500,701,1004
1764298970095,GOOGL,SELL,MARKET,0.0,1000,702,1032
1764298970154,GOOGL,BUY,LIMIT,151.02,2000,703,1068
1764298970250,GOOGL,SELL,LIMIT,151.14,5000,704,1041
1764298970349,GOOGL,BUY,LIMIT,151.05,100,705,1040
1764298970424,GOOGL,BUY,MARKET,0.0,100,706,1038
1764298970448,GOOGL,BUY,LIMIT,151.06,500,707,1079
1764298970496,GOOGL,BUY,LIMIT,150.94,500,708,1052
1764298970554,GOOGL,BUY,LIMIT,150.9,100,709,1097
1764298970623,GOOGL,SELL,LIMIT,151.04,200,710,1073
1764298970659,GOOGL,BUY,LIMIT,150.96,100,711,1061
1764298970745,GOOGL,BUY,LIMIT,151.07,500,712,1010
1764298970831,GOOGL,SELL,LIMIT,151.04,5000,713,1064
1764298970843,GOOGL,BUY,LIMIT,150.97,500,714,1086
1764298970895,GOOGL,SELL,LIMIT,150.97,100,715,1065
1764298970914,GOOGL,BUY,MARKET,0.0,200,716,1092
1764298970948,GOOGL,BUY,MARKET,0.0,100,717,1017
1764298970967,GOOGL,SELL,MARKET,0.0,5000,718,1076
1764298971029,GOOGL,BUY,LIMIT,150.94,100,719,1090
1764298971065,GOOGL,SELL,LIMIT,151.01,100,720,1016
1764298971136,GOOGL,BUY,LIMIT,150.95,200,721,1052
1764298971160,GOOGL,BUY,LIMIT,151.01,100,722,1021
1764298971253,GOOGL,BUY,LIMIT,151.11,500,723,1034
1764298971279,GOOGL,BUY,LIMIT,151.05,5000,724,1071
1764298971354,GOOGL,SELL,MARKET,0.0,100,725,1029
1764298971416,GOOGL,SELL,LIMIT,151.17,5000,726,1089
1764298971445,GOOGL,SELL,LIMIT,151.2,500,727,1005
1764298971538,GOOGL,SELL,LIMIT,151.29,200,728,1083
1764298971624,GOOGL,SELL,LIMIT,151.25,5000,729,1015
1764298971694,GOOGL,BUY,MARKET,0.0,200,730,1077
1764298971788,GOOGL,BUY,MARKET,0.0,2000,731,1041
1764298971846,GOOGL,BUY,LIMIT,151.05,500,732,1077
1764298971860,GOOGL,BUY,LIMIT,150.95,100,733,1062
1764298971888,GOOGL,BUY,LIMIT,150.87,100,734,1036
1764298971936,GOOGL,SELL,LIMIT,151.1,100,735,1065
1764298971987,GOOGL,SELL,LIMIT,151.0,100,736,1093
1764298972054,GOOGL,BUY,MARKET,0.0,2000,737,1026
1764298972111,GOOGL,BUY,MARKET,0.0,500,738,1076
1764298972207,GOOGL,SELL,LIMIT,151.02,100,739,1060
1764298972217,GOOGL,BUY,LIMIT,150.95,1000,740,1013
1764298972313,GOOGL,SELL,MARKET,0.0,100,741,1086
1764298972328,GOOGL,SELL,LIMIT,151.11,500,742,1083
1764298972389,GOOGL,BUY,MARKET,0.0,1000,743,1059
1764298972392,GOOGL,BUY,MARKET,0.0,200,744,1040
1764298972406,GOOGL,BUY,LIMIT,150.9,1000,745,1099
1764298972501,GOOGL,BUY,MARKET,0.0,100,746,1004
1764298972567,GOOGL,SELL,LIMIT,151.0,5000,747,1003
1764298972589,GOOGL,BUY,LIMIT,150.79,2000,748,1048
1764298972688,GOOGL,SELL,MARKET,0.0,5000,749,1074
1764298972701,GOOGL,BUY,LIMIT,150.87,1000,750,1007
1764298972721,GOOGL,BUY,LIMIT,150.83,1000,751,1062
1764298972797,GOOGL,SELL,MARKET,0.0,2000,752,1065
1764298972870,GOOGL,SELL,LIMIT,151.08,500,753,1041
1764298972923,GOOGL,BUY,LIMIT,151.05,1000,754,1085
1764298972976,GOOGL,SELL,LIMIT,151.15,100,755,1042
1764298973034,GOOGL,BUY,LIMIT,150.98,2000,756,1069
1764298973044,GOOGL,SELL,MARKET,0.0,200,757,1071
1764298973047,GOOGL,BUY,LIMIT,151.16,5000,758,1007
1764298973070,GOOGL,BUY,LIMIT,151.22,1000,759,1090
1764298973103,GOOGL,BUY,LIMIT,151.18,200,760,1044
1764298973152,GOOGL,BUY,LIMIT,151.15,200,761,1055
1764298973188,GOOGL,SELL,MARKET,0.0,1000,762,1030
1764298973255,GOOGL,SELL,LIMIT,151.2,2000,763,1015
1764298973338,GOOGL,BUY,LIMIT,151.11,200,764,1077
1764298973342,GOOGL,SELL,MARKET,0.0,5000,765,1032
1764298973435,GOOGL,BUY,LIMIT,151.17,5000,766,1081
1764298973483,GOOGL,BUY,MARKET,0.0,500,767,1004
1764298973495,GOOGL,SELL,MARKET,0.0,5000,768,1032
1764298973516,GOOGL,BUY,MARKET,0.0,2000,769,1077
1764298973587,GOOGL,BUY,LIMIT,151.13,2000,770,1041
1764298973617,GOOGL,BUY,LIMIT,151.13,200,771,1069
1764298973672,GOOGL,BUY,MARKET,0.0,200,772,1012
1764298973703,GOOGL,BUY,MARKET,0.0,500,773,1098
1764298973778,GOOGL,BUY,LIMIT,151.03,5000,774,1012
1764298973853,GOOGL,BUY,LIMIT,150.97,1000,775,1011
1764298973880,GOOGL,BUY,LIMIT,151.09,500,776,1093
1764298973943,GOOGL,SELL,LIMIT,151.21,500,777,1100
1764298974004,GOOGL,BUY,LIMIT,151.08,200,778,1039
1764298974081,GOOGL,BUY,LIMIT,151.06,500,779,1057
1764298974139,GOOGL,BUY,MARKET,0.0,2000,780,1004
1764298974194,GOOGL,BUY,LIMIT,151.03,200,781,1021
1764298974211,GOOGL,SELL,LIMIT,151.14,2000,782,1055
1764298974306,GOOGL,BUY,LIMIT,151.08,100,783,1059
1764298974361,GOOGL,SELL,MARKET,0.0,500,784,1049
1764298974415,GOOGL,BUY,MARKET,0.0,200,785,1057
1764298974474,GOOGL,SELL,MARKET,0.0,100,786,1008
1764298974561,GOOGL,SELL,LIMIT,151.35,2000,787,1014
1764298974591,GOOGL,BUY,LIMIT,151.3,500,788,1012
1764298974601,GOOGL,BUY,LIMIT,151.26,2000,789,1011
1764298974663,GOOGL,BUY,LIMIT,151.25,5000,790,1084
1764298974691,GOOGL,SELL,LIMIT,151.33,200,791,1029
1764298974715,GOOGL,SELL,LIMIT,151.4,1000,792,1051
1764298974783,GOOGL,SELL,LIMIT,151.39,100,793,1035
1764298974858,GOOGL,BUY,LIMIT,151.34,2000,794,1079
1764298974859,GOOGL,BUY,LIMIT,151.4,200,795,1000
1764298974912,GOOGL,BUY,LIMIT,151.32,2000,796,1034
1764298974943,GOOGL,BUY,LIMIT,151.27,500,797,1011
1764298974977,GOOGL,SELL,MARKET,0.0,100,798,1021
1764298975021,GOOGL,SELL,LIMIT,151.43,100,799,1006
1764298975048,GOOGL,BUY,LIMIT,151.28,2000,800,1098
1764298975077,GOOGL,BUY,MARKET,0.0,5000,801,1069
1764298975161,GOOGL,BUY,LIMIT,151.17,5000,802,1035
1764298975249,GOOGL,SELL,MARKET,0.0,5000,803,1043
1764298975281,GOOGL,BUY,LIMIT,151.23,500,804,1003
1764298975367,GOOGL,SELL,MARKET,0.0,1000,805,1019
1764298975433,GOOGL,SELL,LIMIT,151.45,5000,806,1027
1764298975508,GOOGL,BUY,LIMIT,151.34,100,807,1089
1764298975520,GOOGL,SELL,LIMIT,151.37,100,808,1063
1764298975549,GOOGL,SELL,LIMIT,151.4,5000,809,1057
1764298975594,GOOGL,SELL,LIMIT,151.5,2000,810,1039
1764298975681,GOOGL,SELL,LIMIT,151.49,100,811,1010
1764298975683,GOOGL,SELL,MARKET,0.0,1000,812,1097
1764298975708,GOOGL,BUY,LIMIT,151.46,500,813,1012
1764298975750,GOOGL,BUY,MARKET,0.0,500,814,1039
1764298975789,GOOGL,BUY,MARKET,0.0,2000,815,1068
1764298975828,GOOGL,BUY,LIMIT,151.49,500,816,1060
1764298975857,GOOGL,BUY,LIMIT,151.56,1000,817,1018
1764298975888,GOOGL,BUY,LIMIT,151.62,1000,818,1027
1764298975911,GOOGL,SELL,LIMIT,151.62,200,819,1061
1764298976009,GOOGL,SELL,LIMIT,151.78,200,820,1043
1764298976086,GOOGL,SELL,LIMIT,151.75,5000,821,1079
1764298976124,GOOGL,BUY,LIMIT,151.68,200,822,1092
1764298976134,GOOGL,BUY,LIMIT,151.7,200,823,1045
1764298976178,GOOGL,SELL,LIMIT,151.77,100,824,1086
1764298976238,GOOGL,SELL,LIMIT,151.85,200,825,1012
1764298976257,GOOGL,SELL,MARKET,0.0,5000,826,1031
1764298976273,GOOGL,SELL,LIMIT,151.87,5000,827,1093
1764298976277,GOOGL,SELL,MARKET,0.0,100,828,1009
1764298976373,GOOGL,SELL,LIMIT,151.85,200,829,1084
1764298976424,GOOGL,BUY,LIMIT,151.72,1000,830,1050
1764298976499,GOOGL,BUY,MARKET,0.0,100,831,1018
1764298976557,GOOGL,SELL,LIMIT,151.83,1000,832,1069
1764298976558,GOOGL,BUY,LIMIT,151.73,1000,833,1069
1764298976577,GOOGL,SELL,LIMIT,151.83,1000,834,1047
1764298976578,GOOGL,SELL,LIMIT,151.75,1000,835,1073
1764298976668,GOOGL,SELL,LIMIT,151.71,100,836,1084
1764298976699,GOOGL,BUY,MARKET,0.0,1000,837,1087
1764298976703,GOOGL,SELL,MARKET,0.0,5000,838,1094
1764298976798,GOOGL,BUY,MARKET,0.0,200,839,1068
1764298976880,GOOGL,BUY,LIMIT,151.61,5000,840,1046
1764298976915,GOOGL,SELL,LIMIT,151.59,5000,841,1068
1764298976956,GOOGL,BUY,LIMIT,151.54,200,842,1035
1764298977049,GOOGL,SELL,LIMIT,151.53,500,843,1013
1764298977097,GOOGL,BUY,LIMIT,151.51,2000,844,1030
1764298977100,GOOGL,BUY,LIMIT,151.35,2000,845,1026
1764298977145,GOOGL,SELL,LIMIT,151.45,100,846,1036
1764298977208,GOOGL,SELL,MARKET,0.0,500,847,1065
1764298977297,GOOGL,BUY,LIMIT,151.44,200,848,1028
1764298977319,GOOGL,SELL,LIMIT,151.46,2000,849,1032
1764298977360,GOOGL,BUY,LIMIT,151.33,2000,850,1044
1764298977447,GOOGL,BUY,LIMIT,151.31,2000,851,1005
1764298977519,GOOGL,BUY,MARKET,0.0,100,852,1045
1764298977538,GOOGL,SELL,LIMIT,151.4,200,853,1019
1764298977633,GOOGL,BUY,MARKET,0.0,200,854,1016
1764298977638,GOOGL,SELL,LIMIT,151.35,5000,855,1072
1764298977694,GOOGL,SELL,MARKET,0.0,200,856,1044
1764298977722,GOOGL,SELL,LIMIT,151.38,200,857,1097
1764298977732,GOOGL,BUY,LIMIT,151.33,1000,858,1017
1764298977752,GOOGL,SELL,LIMIT,151.37,200,859,1086
1764298977818,GOOGL,SELL,LIMIT,151.38,2000,860,1012
1764298977917,GOOGL,SELL,LIMIT,151.31,100,861,1082
1764298978004,GOOGL,SELL,LIMIT,151.28,200,862,1035
1764298978078,GOOGL,BUY,LIMIT,151.3,2000,863,1032
1764298978104,GOOGL,BUY,LIMIT,151.29,1000,864,1010
1764298978180,GOOGL,SELL,LIMIT,151.5,500,865,1045
1764298978249,GOOGL,BUY,LIMIT,151.33,1000,866,1066
1764298978290,GOOGL,BUY,LIMIT,151.15,500,867,1099
1764298978335,GOOGL,BUY,LIMIT,151.25,200,868,1037
1764298978410,GOOGL,SELL,MARKET,0.0,500,869,1023
1764298978422,GOOGL,SELL,LIMIT,151.36,100,870,1058
1764298978437,GOOGL,BUY,LIMIT,151.22,500,871,1040
1764298978528,GOOGL,SELL,LIMIT,151.22,100,872,1063
1764298978551,GOOGL,SELL,LIMIT,151.15,1000,873,1025
1764298978584,GOOGL,SELL,MARKET,0.0,5000,874,1016
1764298978669,GOOGL,BUY,LIMIT,151.07,200,875,1049
1764298978711,GOOGL,SELL,LIMIT,151.3,1000,876,1004
1764298978807,GOOGL,SELL,LIMIT,151.14,1000,877,1069
1764298978846,GOOGL,SELL,LIMIT,151.15,200,878,1098
1764298978937,GOOGL,BUY,LIMIT,150.96,500,879,1012
1764298979023,GOOGL,BUY,MARKET,0.0,200,880,1077
1764298979110,GOOGL,BUY,MARKET,0.0,100,881,1049
1764298979208,GOOGL,SELL,MARKET,0.0,200,882,1077
1764298979284,GOOGL,SELL,LIMIT,151.07,100,883,1071
1764298979306,GOOGL,SELL,LIMIT,151.09,100,884,1073
1764298979334,GOOGL,BUY,LIMIT,151.02,2000,885,1054
1764298979419,GOOGL,SELL,LIMIT,151.13,500,886,1045
1764298979463,GOOGL,BUY,MARKET,0.0,1000,887,1046
1764298979537,GOOGL,SELL,LIMIT,151.22,500,888,1073
1764298979564,GOOGL,BUY,LIMIT,151.09,2000,889,1044
1764298979599,GOOGL,BUY,LIMIT,151.13,500,890,1077
1764298979622,GOOGL,BUY,LIMIT,151.25,500,891,1020
1764298979711,GOOGL,SELL,LIMIT,151.41,100,892,1091
1764298979801,GOOGL,SELL,MARKET,0.0,100,893,1009
1764298979899,GOOGL,SELL,LIMIT,151.58,5000,894,1091
1764298979943,GOOGL,BUY,LIMIT,151.42,500,895,1044
1764298980032,GOOGL,BUY,LIMIT,151.4,100,896,1089
1764298980085,GOOGL,SELL,LIMIT,151.42,200,897,1088
1764298980167,GOOGL,BUY,LIMIT,151.37,2000,898,1011
1764298980237,GOOGL,BUY,LIMIT,151.36,200,899,1010
1764298980286,GOOGL,BUY,LIMIT,151.38,200,900,1044
1764298980287,GOOGL,SELL,LIMIT,151.42,1000,901,1044
1764298980308,GOOGL,SELL,LIMIT,151.52,5000,902,1016
1764298980314,GOOGL,SELL,LIMIT,151.57,2000,903,1016
1764298980393,GOOGL,SELL,LIMIT,151.51,500,904,1032
1764298980476,GOOGL,SELL,MARKET,0.0,5000,905,1080
1764298980525,GOOGL,BUY,MARKET,0.0,200,906,1089
1764298980570,GOOGL,BUY,MARKET,0.0,1000,907,1052
1764298980629,GOOGL,SELL,LIMIT,151.51,1000,908,1038
1764298980664,GOOGL,SELL,LIMIT,151.48,5000,909,1020
1764298980752,GOOGL,BUY,LIMIT,151.39,200,910,1093
1764298980762,GOOGL,SELL,LIMIT,151.56,1000,911,1058
1764298980856,GOOGL,SELL,LIMIT,151.6,200,912,1014
1764298980952,GOOGL,SELL,LIMIT,151.58,200,913,1095
1764298980968,GOOGL,SELL,LIMIT,151.53,2000,914,1026
1764298981052,GOOGL,SELL,LIMIT,151.57,2000,915,1085
1764298981150,GOOGL,SELL,LIMIT,151.57,5000,916,1079
1764298981168,GOOGL,BUY,MARKET,0.0,2000,917,1053
1764298981249,GOOGL,SELL,LIMIT,151.69,5000,918,1071
1764298981312,GOOGL,SELL,LIMIT,151.58,200,919,1038
1764298981326,GOOGL,SELL,LIMIT,151.44,100,920,1079
1764298981333,GOOGL,BUY,MARKET,0.0,500,921,1037
1764298981403,GOOGL,BUY,LIMIT,151.34,2000,922,1022
1764298981495,GOOGL,BUY,LIMIT,151.25,500,923,1011
1764298981498,GOOGL,BUY,LIMIT,151.22,1000,924,1054
1764298981575,GOOGL,SELL,MARKET,0.0,2000,925,1023
1764298981583,GOOGL,SELL,LIMIT,151.22,100,926,1033
1764298981595,GOOGL,SELL,LIMIT,151.16,500,927,1052
1764298981635,GOOGL,BUY,MARKET,0.0,200,928,1002
1764298981641,GOOGL,BUY,LIMIT,151.08,100,929,1018
1764298981702,GOOGL,BUY,LIMIT,151.0,2000,930,1017
1764298981740,GOOGL,SELL,LIMIT,151.08,5000,931,1017
1764298981758,GOOGL,BUY,LIMIT,150.99,1000,932,1048
1764298981785,GOOGL,BUY,LIMIT,151.03,100,933,1089
1764298981847,GOOGL,BUY,LIMIT,151.09,5000,934,1011
1764298981870,GOOGL,BUY,LIMIT,151.16,200,935,1008
1764298981935,GOOGL,SELL,LIMIT,151.35,1000,936,1082
1764298982034,GOOGL,BUY,LIMIT,151.32,100,937,1024
1764298982117,GOOGL,BUY,LIMIT,151.39,2000,938,1033
1764298982187,GOOGL,BUY,MARKET,0.0,1000,939,1054
1764298982261,GOOGL,SELL,LIMIT,151.39,5000,940,1034
1764298982295,GOOGL,SELL,LIMIT,151.46,2000,941,1058
1764298982323,GOOGL,SELL,LIMIT,151.47,500,942,1092
1764298982351,GOOGL,SELL,LIMIT,151.51,200,943,1074
1764298982360,GOOGL,SELL,LIMIT,151.37,5000,944,1093
1764298982371,GOOGL,SELL,LIMIT,151.42,500,945,1047
1764298982434,GOOGL,BUY,LIMIT,151.29,100,946,1055
1764298982440,GOOGL,SELL,MARKET,0.0,100,947,1016
1764298982481,GOOGL,BUY,LIMIT,151.34,200,948,1023
1764298982570,GOOGL,BUY,LIMIT,151.39,1000,949,1033
1764298982620,GOOGL,BUY,LIMIT,151.31,200,950,1087
1764298982717,GOOGL,BUY,LIMIT,151.44,5000,951,1000
1764298982804,GOOGL,BUY,LIMIT,151.36,2000,952,1025
1764298982816,GOOGL,SELL,LIMIT,151.47,500,953,1046
1764298982902,GOOGL,SELL,MARKET,0.0,1000,954,1042
1764298983001,GOOGL,SELL,LIMIT,151.39,100,955,1015
1764298983048,GOOGL,SELL,LIMIT,151.41,5000,956,1009
1764298983140,GOOGL,SELL,MARKET,0.0,5000,957,1069
1764298983240,GOOGL,SELL,LIMIT,151.51,2000,958,1027
1764298983338,GOOGL,BUY,LIMIT,151.37,500,959,1039
1764298983372,GOOGL,BUY,MARKET,0.0,100,960,1099
1764298983462,GOOGL,BUY,LIMIT,151.41,2000,961,1015
1764298983535,GOOGL,SELL,LIMIT,151.42,200,962,1076
1764298983600,GOOGL,SELL,MARKET,0.0,100,963,1019
1764298983639,GOOGL,BUY,LIMIT,151.45,5000,964,1068
1764298983661,GOOGL,SELL,MARKET,0.0,5000,965,1057
1764298983701,GOOGL,SELL,LIMIT,151.44,100,966,1008
1764298983796,GOOGL,SELL,MARKET,0.0,200,967,1090
1764298983870,GOOGL,SELL,MARKET,0.0,200,968,1002
1764298983891,GOOGL,SELL,LIMIT,151.43,5000,969,1038
1764298983976,GOOGL,BUY,LIMIT,151.36,1000,970,1090
1764298983980,GOOGL,SELL,LIMIT,151.33,500,971,1087
1764298983994,GOOGL,SELL,LIMIT,151.38,1000,972,1038
1764298984040,GOOGL,SELL,LIMIT,151.41,5000,973,1010
1764298984113,GOOGL,SELL,LIMIT,151.36,200,974,1048
1764298984134,GOOGL,BUY,LIMIT,151.32,100,975,1006
1764298984169,GOOGL,BUY,MARKET,0.0,100,976,1041
1764298984182,GOOGL,BUY,LIMIT,151.32,100,977,1031
1764298984227,GOOGL,BUY,LIMIT,151.25,200,978,1069
1764298984283,GOOGL,SELL,LIMIT,151.35,200,979,1096
1764298984306,GOOGL,BUY,MARKET,0.0,2000,980,1037
1764298984308,GOOGL,SELL,LIMIT,151.46,500,981,1067
1764298984321,GOOGL,SELL,MARKET,0.0,1000,982,1084
1764298984323,GOOGL,BUY,LIMIT,151.47,5000,983,1036
1764298984365,GOOGL,BUY,LIMIT,151.51,200,984,1067
1764298984462,GOOGL,SELL,MARKET,0.0,2000,985,1082
1764298984465,GOOGL,SELL,LIMIT,151.52,500,986,1060
1764298984466,GOOGL,SELL,LIMIT,151.55,2000,987,1053
1764298984480,GOOGL,SELL,LIMIT,151.58,1000,988,1081
1764298984525,GOOGL,SELL,LIMIT,151.46,100,989,1098
1764298984526,GOOGL,BUY,LIMIT,151.31,1000,990,1008
1764298984596,GOOGL,SELL,LIMIT,151.43,200,991,1022
1764298984613,GOOGL,SELL,MARKET,0.0,2000,992,1085
1764298984642,GOOGL,BUY,LIMIT,151.24,2000,993,1097
1764298984695,GOOGL,BUY,MARKET,0.0,1000,994,1085
1764298984758,GOOGL,BUY,LIMIT,151.15,5000,995,1060
1764298984854,GOOGL,SELL,MARKET,0.0,1000,996,1008
1764298984952,GOOGL,BUY,MARKET,0.0,500,997,1017
1764298984971,GOOGL,SELL,MARKET,0.0,5000,998,1090
1764298985021,GOOGL,SELL,LIMIT,151.18,1000,999,1054
1764298985057,GOOGL,SELL,LIMIT,151.19,200,1000,1024
1764298985111,GOOGL,SELL,LIMIT,151.19,5000,1001,1040
1764298985128,GOOGL,BUY,LIMIT,151.15,100,1002,1036
1764298985159,GOOGL,SELL,LIMIT,151.18,200,1003,1063
1764298985220,GOOGL,BUY,LIMIT,151.11,200,1004,1090
1764298985260,GOOGL,BUY,MARKET,0.0,2000,1005,1040
1764298985348,GOOGL,BUY,LIMIT,151.28,500,1006,1026
1764298985413,GOOGL,SELL,LIMIT,151.34,200,1007,1052
1764298985447,GOOGL,BUY,LIMIT,151.32,1000,1008,1070
1764298985451,GOOGL,BUY,LIMIT,151.33,200,1009,1082
1764298985505,GOOGL,BUY,LIMIT,151.38,100,1010,1038
1764298985572,GOOGL,SELL,LIMIT,151.5,100,1011,1035
1764298985595,GOOGL,BUY,LIMIT,151.41,200,1012,1085
1764298985630,GOOGL,SELL,LIMIT,151.65,2000,1013,1087
1764298985651,GOOGL,SELL,MARKET,0.0,5000,1014,1004
1764298985730,GOOGL,BUY,MARKET,0.0,100,1015,1036
1764298985760,GOOGL,SELL,LIMIT,151.81,200,1016,1038
1764298985815,GOOGL,SELL,LIMIT,151.84,200,1017,1005
1764298985841,GOOGL,SELL,MARKET,0.0,2000,1018,1065
1764298985921,GOOGL,BUY,MARKET,0.0,500,1019,1087
1764298985956,GOOGL,BUY,LIMIT,151.61,2000,1020,1016
1764298986048,GOOGL,BUY,LIMIT,151.65,200,1021,1034
1764298986097,GOOGL,SELL,LIMIT,151.78,5000,1022,1026
1764298986185,GOOGL,BUY,LIMIT,151.69,200,1023,1085
1764298986266,GOOGL,BUY,LIMIT,151.67,200,1024,1090
1764298986361,GOOGL,SELL,LIMIT,151.82,5000,1025,1026
1764298986372,GOOGL,BUY,LIMIT,151.73,100,1026,1081
1764298986374,GOOGL,SELL,LIMIT,151.82,2000,1027,1093
1764298986436,GOOGL,SELL,MARKET,0.0,500,1028,1088
1764298986476,GOOGL,SELL,LIMIT,151.89,100,1029,1074
1764298986493,GOOGL,BUY,MARKET,0.0,5000,1030,1018
1764298986526,GOOGL,SELL,LIMIT,151.92,200,1031,1001
1764298986594,GOOGL,BUY,LIMIT,151.71,200,1032,1044
1764298986609,GOOGL,BUY,LIMIT,151.7,2000,1033,1009
1764298986681,GOOGL,BUY,LIMIT,151.75,5000,1034,1067
1764298986774,GOOGL,BUY,MARKET,0.0,200,1035,1067
1764298986865,GOOGL,SELL,MARKET,0.0,100,1036,1033
1764298986938,GOOGL,SELL,MARKET,0.0,200,1037,1063
1764298986963,GOOGL,BUY,LIMIT,152.07,1000,1038,1066
1764298987003,GOOGL,SELL,MARKET,0.0,1000,1039,1080
1764298987053,GOOGL,BUY,LIMIT,152.18,2000,1040,1047
1764298987066,GOOGL,BUY,LIMIT,152.23,200,1041,1007
1764298987103,GOOGL,SELL,LIMIT,152.3,2000,1042,1084
1764298987175,GOOGL,BUY,LIMIT,152.22,5000,1043,1005
1764298987249,GOOGL,BUY,LIMIT,152.22,1000,1044,1074
1764298987273,GOOGL,BUY,MARKET,0.0,2000,1045,1008
1764298987320,GOOGL,BUY,LIMIT,152.21,200,1046,1051
1764298987390,GOOGL,SELL,MARKET,0.0,200,1047,1092
1764298987397,GOOGL,SELL,MARKET,0.0,100,1048,1096
1764298987467,GOOGL,SELL,MARKET,0.0,500,1049,1033
1764298987516,GOOGL,SELL,LIMIT,152.22,100,1050,1009
1764298987613,GOOGL,BUY,LIMIT,152.17,2000,1051,1085
1764298987625,GOOGL,SELL,LIMIT,152.23,100,1052,1033
1764298987712,GOOGL,SELL,LIMIT,152.25,2000,1053,1050
1764298987773,GOOGL,BUY,LIMIT,152.08,100,1054,1077
1764298987836,GOOGL,BUY,LIMIT,152.11,2000,1055,1069
1764298987926,GOOGL,BUY,LIMIT,152.23,200,1056,1098
1764298987953,GOOGL,BUY,LIMIT,152.16,200,1057,1093
1764298988013,GOOGL,SELL,LIMIT,152.18,100,1058,1020
1764298988039,GOOGL,SELL,LIMIT,152.17,5000,1059,1000
1764298988064,GOOGL,SELL,LIMIT,152.13,500,1060,1025
1764298988099,GOOGL,SELL,LIMIT,152.21,500,1061,1043
1764298988143,GOOGL,BUY,LIMIT,152.04,500,1062,1077
1764298988179,GOOGL,BUY,LIMIT,152.07,200,1063,1054
1764298988221,GOOGL,BUY,MARKET,0.0,200,1064,1022
1764298988321,GOOGL,BUY,LIMIT,152.07,200,1065,1067
1764298988348,GOOGL,SELL,LIMIT,152.17,100,1066,1045
1764298988440,GOOGL,BUY,LIMIT,152.17,100,1067,1084
1764298988461,GOOGL,SELL,LIMIT,152.28,5000,1068,1059
1764298988487,GOOGL,BUY,LIMIT,152.05,500,1069,1050
1764298988514,GOOGL,BUY,LIMIT,152.13,200,1070,1069
1764298988532,GOOGL,BUY,LIMIT,152.22,1000,1071,1034
1764298988560,GOOGL,BUY,LIMIT,152.29,500,1072,1073
1764298988653,GOOGL,BUY,LIMIT,152.34,500,1073,1019
1764298988656,GOOGL,BUY,LIMIT,152.31,100,1074,1100
1764298988709,GOOGL,SELL,MARKET,0.0,200,1075,1098
1764298988788,GOOGL,BUY,LIMIT,152.29,200,1076,1096
1764298988866,GOOGL,SELL,LIMIT,152.46,2000,1077,1013
1764298988876,GOOGL,BUY,MARKET,0.0,2000,1078,1064
1764298988884,GOOGL,BUY,LIMIT,152.26,100,1079,1055
1764298988903,GOOGL,SELL,LIMIT,152.4,1000,1080,1088
1764298988959,GOOGL,BUY,LIMIT,152.17,500,1081,1055
1764298989031,GOOGL,BUY,LIMIT,152.22,5000,1082,1042
1764298989070,GOOGL,BUY,LIMIT,152.14,5000,1083,1026
1764298989165,GOOGL,BUY,MARKET,0.0,5000,1084,1021
1764298989199,GOOGL,BUY,LIMIT,152.12,200,1085,1017
1764298989232,GOOGL,SELL,LIMIT,152.25,2000,1086,1043
1764298989296,GOOGL,SELL,LIMIT,152.23,2000,1087,1001
1764298989303,GOOGL,SELL,LIMIT,152.19,1000,1088,1011
1764298989359,GOOGL,SELL,LIMIT,152.3,500,1089,1011
1764298989409,GOOGL,BUY,LIMIT,152.26,5000,1090,1008
1764298989506,GOOGL,SELL,LIMIT,152.28,2000,1091,1060
1764298989538,GOOGL,SELL,MARKET,0.0,5000,1092,1089
1764298989586,GOOGL,BUY,MARKET,0.0,500,1093,1046
1764298989686,GOOGL,SELL,LIMIT,152.39,1000,1094,1087
1764298989756,GOOGL,SELL,MARKET,0.0,5000,1095,1082
1764298989781,GOOGL,BUY,LIMIT,152.12,5000,1096,1095
1764298989802,GOOGL,BUY,LIMIT,152.11,200,1097,1076
1764298989882,GOOGL,BUY,MARKET,0.0,200,1098,1077
1764298989904,GOOGL,SELL,LIMIT,152.14,1000,1099,1082
1764298989969,GOOGL,SELL,MARKET,0.0,2000,1100,1001
1764298989977,GOOGL,BUY,LIMIT,151.93,2000,1101,1091
1764298990028,GOOGL,BUY,MARKET,0.0,1000,1102,1022
1764298990060,GOOGL,SELL,LIMIT,152.11,500,1103,1005
1764298990067,GOOGL,BUY,LIMIT,151.98,2000,1104,1054
1764298990095,GOOGL,SELL,LIMIT,152.18,200,1105,1050
1764298990182,GOOGL,BUY,LIMIT,151.98,2000,1106,1054
1764298990225,GOOGL,BUY,LIMIT,152.06,100,1107,1072
1764298990269,GOOGL,BUY,MARKET,0.0,100,1108,1016
1764298990345,GOOGL,SELL,LIMIT,152.32,2000,1109,1065
1764298990423,GOOGL,SELL,MARKET,0.0,200,1110,1058
1764298990522,GOOGL,SELL,LIMIT,152.22,200,1111,1062
1764298990529,GOOGL,SELL,LIMIT,152.19,5000,1112,1001
1764298990619,GOOGL,BUY,LIMIT,152.17,2000,1113,1014
1764298990692,GOOGL,SELL,MARKET,0.0,200,1114,1025
1764298990710,GOOGL,BUY,LIMIT,152.28,100,1115,1025
1764298990754,GOOGL,BUY,MARKET,0.0,5000,1116,1050
1764298990788,GOOGL,SELL,LIMIT,152.24,5000,1117,1100
1764298990886,GOOGL,SELL,LIMIT,152.18,200,1118,1025
1764298990938,GOOGL,SELL,LIMIT,152.04,5000,1119,1061
1764298990994,GOOGL,SELL,LIMIT,152.06,2000,1120,1047
1764298991093,GOOGL,SELL,LIMIT,152.09,1000,1121,1005
1764298991177,GOOGL,SELL,LIMIT,152.07,2000,1122,1057
1764298991242,GOOGL,BUY,LIMIT,151.97,1000,1123,1003
1764298991260,GOOGL,BUY,MARKET,0.0,1000,1124,1047
1764298991339,GOOGL,BUY,LIMIT,152.08,2000,1125,1086
1764298991367,GOOGL,SELL,MARKET,0.0,100,1126,1058
1764298991451,GOOGL,SELL,LIMIT,152.04,500,1127,1070
1764298991510,GOOGL,SELL,LIMIT,152.01,5000,1128,1012
1764298991562,GOOGL,BUY,LIMIT,151.84,200,1129,1075
1764298991646,GOOGL,SELL,MARKET,0.0,200,1130,1079
1764298991679,GOOGL,BUY,LIMIT,151.85,5000,1131,1085
1764298991768,GOOGL,BUY,MARKET,0.0,100,1132,1020
1764298991802,GOOGL,BUY,LIMIT,151.89,5000,1133,1006
1764298991851,GOOGL,SELL,LIMIT,151.84,500,1134,1022
1764298991862,GOOGL,SELL,LIMIT,151.81,500,1135,1090
1764298991866,GOOGL,BUY,MARKET,0.0,5000,1136,1020
1764298991944,GOOGL,SELL,LIMIT,151.94,100,1137,1091
1764298992014,GOOGL,BUY,LIMIT,151.83,100,1138,1090
1764298992105,GOOGL,BUY,LIMIT,151.81,1000,1139,1012
1764298992127,GOOGL,BUY,LIMIT,151.77,1000,1140,1043
1764298992183,GOOGL,BUY,MARKET,0.0,1000,1141,1062
1764298992252,GOOGL,BUY,LIMIT,151.81,200,1142,1035
1764298992299,GOOGL,SELL,LIMIT,151.98,200,1143,1040
1764298992354,GOOGL,BUY,LIMIT,151.79,200,1144,1081
1764298992430,GOOGL,BUY,LIMIT,151.89,100,1145,1028
1764298992513,GOOGL,SELL,LIMIT,152.03,500,1146,1004
1764298992523,GOOGL,SELL,LIMIT,152.08,2000,1147,1034
1764298992535,GOOGL,SELL,LIMIT,151.96,500,1148,1089
1764298992617,GOOGL,BUY,LIMIT,151.94,2000,1149,1060
1764298992696,GOOGL,BUY,LIMIT,151.89,1000,1150,1039
1764298992749,GOOGL,SELL,LIMIT,152.08,200,1151,1020
1764298992796,GOOGL,SELL,LIMIT,152.12,2000,1152,1039
1764298992843,GOOGL,BUY,LIMIT,152.06,5000,1153,1050
1764298992878,GOOGL,SELL,LIMIT,152.18,1000,1154,1024
1764298992922,GOOGL,BUY,LIMIT,152.04,2000,1155,1027
1764298992983,GOOGL,BUY,LIMIT,152.14,2000,1156,1040
1764298993039,GOOGL,BUY,MARKET,0.0,2000,1157,1096
1764298993055,GOOGL,SELL,LIMIT,152.09,1000,1158,1028
1764298993127,GOOGL,SELL,LIMIT,152.15,500,1159,1038
1764298993137,GOOGL,BUY,LIMIT,152.19,100,1160,1037
1764298993142,GOOGL,BUY,LIMIT,152.22,200,1161,1065
1764298993210,GOOGL,BUY,LIMIT,152.27,5000,1162,1051
1764298993271,GOOGL,BUY,LIMIT,152.25,200,1163,1085
1764298993350,GOOGL,SELL,LIMIT,152.39,100,1164,1067
1764298993411,GOOGL,BUY,LIMIT,152.34,200,1165,1043
1764298993511,GOOGL,SELL,LIMIT,152.52,5000,1166,1054
1764298993521,GOOGL,BUY,LIMIT,152.42,200,1167,1009
1764298993621,GOOGL,BUY,LIMIT,152.46,2000,1168,1001
1764298993696,GOOGL,SELL,LIMIT,152.52,5000,1169,1036
1764298993762,GOOGL,SELL,LIMIT,152.62,5000,1170,1055
1764298993796,GOOGL,BUY,LIMIT,152.51,5000,1171,1070
1764298993820,GOOGL,SELL,LIMIT,152.55,200,1172,1041
1764298993872,GOOGL,BUY,LIMIT,152.37,500,1173,1016
1764298993907,GOOGL,SELL,LIMIT,152.54,500,1174,1047
1764298993918,GOOGL,SELL,MARKET,0.0,5000,1175,1083
1764298993959,GOOGL,SELL,LIMIT,152.6,5000,1176,1068
1764298993960,GOOGL,SELL,MARKET,0.0,1000,1177,1044
1764298994055,GOOGL,SELL,LIMIT,152.55,100,1178,1042
1764298994079,GOOGL,SELL,LIMIT,152.66,200,1179,1015
1764298994169,GOOGL,SELL,LIMIT,152.64,100,1180,1083
1764298994241,GOOGL,BUY,MARKET,0.0,2000,1181,1076
1764298994333,GOOGL,SELL,LIMIT,152.56,100,1182,1083
1764298994354,GOOGL,BUY,LIMIT,152.36,1000,1183,1028
1764298994449,GOOGL,SELL,MARKET,0.0,1000,1184,1006
1764298994544,GOOGL,SELL,MARKET,0.0,5000,1185,1006
1764298994577,GOOGL,SELL,LIMIT,152.45,1000,1186,1003
1764298994634,GOOGL,BUY,LIMIT,152.44,100,1187,1000
1764298994636,GOOGL,BUY,MARKET,0.0,500,1188,1047
1764298994722,GOOGL,BUY,LIMIT,152.35,2000,1189,1070
1764298994737,GOOGL,BUY,LIMIT,152.33,500,1190,1042
1764298994760,GOOGL,SELL,LIMIT,152.51,100,1191,1009
1764298994856,GOOGL,BUY,LIMIT,152.46,1000,1192,1066
1764298994873,GOOGL,BUY,LIMIT,152.58,100,1193,1023
1764298994907,GOOGL,SELL,LIMIT,152.75,200,1194,1003
1764298994935,GOOGL,BUY,LIMIT,152.66,200,1195,1031
1764298994941,GOOGL,BUY,LIMIT,152.7,1000,1196,1036
1764298995033,GOOGL,BUY,LIMIT,152.66,100,1197,1026
1764298995056,GOOGL,BUY,LIMIT,152.61,100,1198,1098
1764298995095,GOOGL,BUY,MARKET,0.0,200,1199,1097
1764298995180,GOOGL,SELL,MARKET,0.0,1000,1200,1039
1764298995200,GOOGL,SELL,LIMIT,152.71,500,1201,1075
1764298995275,GOOGL,BUY,MARKET,0.0,100,1202,1023
1764298995363,GOOGL,BUY,LIMIT,152.49,100,1203,1051
1764298995418,GOOGL,SELL,LIMIT,152.63,500,1204,1019
1764298995494,GOOGL,BUY,LIMIT,152.56,1000,1205,1071
1764298995556,GOOGL,BUY,LIMIT,152.56,1000,1206,1056
1764298995585,GOOGL,BUY,LIMIT,152.52,500,1207,1022
1764298995660,GOOGL,SELL,LIMIT,152.58,100,1208,1011
1764298995716,GOOGL,BUY,MARKET,0.0,100,1209,1001
1764298995724,GOOGL,BUY,MARKET,0.0,2000,1210,1005
1764298995741,GOOGL,BUY,LIMIT,152.6,500,1211,1078
1764298995824,GOOGL,SELL,MARKET,0.0,5000,1212,1022
1764298995839,GOOGL,SELL,LIMIT,152.73,2000,1213,1067
1764298995935,GOOGL,SELL,LIMIT,152.71,1000,1214,1059
1764298996000,GOOGL,SELL,LIMIT,152.72,500,1215,1001
1764298996067,GOOGL,BUY,MARKET,0.0,100,1216,1017
1764298996090,GOOGL,BUY,LIMIT,152.6,200,1217,1025
1764298996175,GOOGL,BUY,MARKET,0.0,100,1218,1085
1764298996229,GOOGL,SELL,LIMIT,152.57,200,1219,1011
1764298996233,GOOGL,BUY,LIMIT,152.43,100,1220,1048
1764298996315,GOOGL,BUY,LIMIT,152.44,500,1221,1057
1764298996318,GOOGL,BUY,LIMIT,152.53,200,1222,1059
1764298996410,GOOGL,BUY,LIMIT,152.57,100,1223,1095
1764298996414,GOOGL,BUY,LIMIT,152.48,100,1224,1064
1764298996494,GOOGL,SELL,LIMIT,152.57,500,1225,1009
1764298996528,GOOGL,BUY,MARKET,0.0,500,1226,1068
1764298996618,GOOGL,SELL,LIMIT,152.56,2000,1227,1030
1764298996628,GOOGL,SELL,LIMIT,152.63,5000,1228,1026
1764298996655,GOOGL,BUY,LIMIT,152.58,1000,1229,1092
1764298996723,GOOGL,BUY,LIMIT,152.46,5000,1230,1038
1764298996754,GOOGL,BUY,MARKET,0.0,500,1231,1071
1764298996766,GOOGL,SELL,LIMIT,152.62,1000,1232,1060
1764298996793,GOOGL,BUY,LIMIT,152.49,500,1233,1035
1764298996817,GOOGL,SELL,LIMIT,152.67,5000,1234,1056
1764298996914,GOOGL,SELL,LIMIT,152.6,200,1235,1016
1764298996927,GOOGL,SELL,LIMIT,152.59,5000,1236,1063
1764298996949,GOOGL,BUY,LIMIT,152.41,200,1237,1037
1764298996978,GOOGL,SELL,LIMIT,152.47,5000,1238,1034
1764298997058,GOOGL,BUY,LIMIT,152.39,5000,1239,1017
1764298997134,GOOGL,BUY,MARKET,0.0,5000,1240,1017
1764298997181,GOOGL,SELL,LIMIT,152.38,1000,1241,1061
1764298997219,GOOGL,BUY,MARKET,0.0,200,1242,1034
1764298997270,GOOGL,SELL,LIMIT,152.5,1000,1243,1056
1764298997286,GOOGL,BUY,LIMIT,152.33,500,1244,1077
1764298997317,GOOGL,BUY,LIMIT,152.3,1000,1245,1018
1764298997340,GOOGL,BUY,MARKET,0.0,1000,1246,1010
1764298997373,GOOGL,SELL,LIMIT,152.36,500,1247,1039
1764298997467,GOOGL,SELL,LIMIT,152.43,500,1248,1045
1764298997554,GOOGL,SELL,MARKET,0.0,5000,1249,1040
1764298997586,GOOGL,SELL,LIMIT,152.55,5000,1250,1082
1764298997618,GOOGL,BUY,LIMIT,152.47,1000,1251,1070
1764298997659,GOOGL,SELL,LIMIT,152.59,100,1252,1003
1764298997718,GOOGL,BUY,LIMIT,152.53,200,1253,1047
1764298997719,GOOGL,SELL,LIMIT,152.64,500,1254,1090
1764298997765,GOOGL,BUY,LIMIT,152.56,2000,1255,1097
1764298997781,GOOGL,BUY,LIMIT,152.48,1000,1256,1027
1764298997857,GOOGL,SELL,LIMIT,152.65,5000,1257,1011
1764298997938,GOOGL,SELL,LIMIT,152.64,1000,1258,1060
1764298998036,GOOGL,SELL,LIMIT,152.62,200,1259,1061
1764298998058,GOOGL,BUY,LIMIT,152.48,200,1260,1082
1764298998074,GOOGL,SELL,LIMIT,152.58,500,1261,1100
1764298998089,GOOGL,BUY,LIMIT,152.54,2000,1262,1020
1764298998157,GOOGL,SELL,LIMIT,152.62,2000,1263,1011
1764298998190,GOOGL,BUY,LIMIT,152.42,200,1264,1035
1764298998248,GOOGL,BUY,LIMIT,152.42,1000,1265,1047
1764298998336,GOOGL,SELL,LIMIT,152.61,1000,1266,1053
1764298998388,GOOGL,SELL,LIMIT,152.53,2000,1267,1073
1764298998482,GOOGL,BUY,LIMIT,152.39,5000,1268,1033
1764298998491,GOOGL,SELL,LIMIT,152.51,5000,1269,1082
1764298998559,GOOGL,SELL,LIMIT,152.45,500,1270,1091
1764298998619,GOOGL,SELL,LIMIT,152.51,200,1271,1008
1764298998682,GOOGL,BUY,LIMIT,152.51,500,1272,1020
1764298998773,GOOGL,SELL,LIMIT,152.67,200,1273,1068
1764298998815,GOOGL,BUY,LIMIT,152.46,200,1274,1085
1764298998879,GOOGL,SELL,LIMIT,152.62,200,1275,1080
1764298998893,GOOGL,SELL,LIMIT,152.55,2000,1276,1026
1764298998985,GOOGL,SELL,LIMIT,152.55,200,1277,1068
1764298999075,GOOGL,BUY,LIMIT,152.36,2000,1278,1026
1764298999107,GOOGL,SELL,MARKET,0.0,500,1279,1049
1764298999153,GOOGL,BUY,LIMIT,152.44,500,1280,1039
1764298999243,GOOGL,SELL,MARKET,0.0,5000,1281,1061
1764298999292,GOOGL,SELL,MARKET,0.0,2000,1282,1010
1764298999313,GOOGL,BUY,LIMIT,152.35,200,1283,1037
1764298999360,GOOGL,BUY,MARKET,0.0,200,1284,1025
1764298999442,GOOGL,BUY,LIMIT,152.45,5000,1285,1088
1764298999457,GOOGL,BUY,LIMIT,152.41,1000,1286,1055
1764298999503,GOOGL,BUY,LIMIT,152.36,100,1287,1065
1764298999545,GOOGL,BUY,LIMIT,152.36,2000,1288,1091
1764298999554,GOOGL,BUY,MARKET,0.0,100,1289,1060
1764298999580,GOOGL,SELL,LIMIT,152.32,500,1290,1080
1764298999592,GOOGL,BUY,LIMIT,152.26,200,1291,1069
1764298999624,GOOGL,SELL,LIMIT,152.42,1000,1292,1016
1764298999634,GOOGL,SELL,LIMIT,152.31,200,1293,1042
1764298999731,GOOGL,BUY,LIMIT,152.24,5000,1294,1060
1764298999741,GOOGL,SELL,MARKET,0.0,500,1295,1082
1764298999825,GOOGL,BUY,LIMIT,152.17,1000,1296,1098
1764298999854,GOOGL,BUY,LIMIT,152.1,200,1297,1024
1764298999944,GOOGL,SELL,MARKET,0.0,200,1298,1081
1764298999949,GOOGL,BUY,LIMIT,152.09,200,1299,1086
1764299000034,GOOGL,BUY,LIMIT,152.09,200,1300,1082
1764299000054,GOOGL,SELL,LIMIT,152.22,500,1301,1048
1764299000108,GOOGL,BUY,LIMIT,152.24,200,1302,1032
1764299000116,GOOGL,BUY,LIMIT,152.13,2000,1303,1084
1764299000203,GOOGL,SELL,LIMIT,152.33,5000,1304,1059
1764299000206,GOOGL,SELL,MARKET,0.0,500,1305,1032
1764299000207,GOOGL,SELL,LIMIT,152.32,2000,1306,1077
1764299000258,GOOGL,BUY,LIMIT,152.17,200,1307,1048
1764299000266,GOOGL,SELL,LIMIT,152.2,5000,1308,1032
1764299000328,GOOGL,BUY,LIMIT,152.2,500,1309,1029
1764299000415,GOOGL,BUY,LIMIT,152.21,1000,1310,1009
1764299000417,GOOGL,BUY,LIMIT,152.33,1000,1311,1002
1764299000496,GOOGL,SELL,LIMIT,152.44,100,1312,1010
1764299000497,GOOGL,BUY,LIMIT,152.22,100,1313,1095
1764299000556,GOOGL,SELL,LIMIT,152.39,5000,1314,1088
1764299000600,GOOGL,BUY,MARKET,0.0,5000,1315,1031
1764299000691,GOOGL,SELL,LIMIT,152.33,100,1316,1079
1764299000759,GOOGL,SELL,MARKET,0.0,100,1317,1063
1764299000851,GOOGL,BUY,LIMIT,152.38,200,1318,1089
1764299000895,GOOGL,BUY,MARKET,0.0,5000,1319,1069
1764299000942,GOOGL,BUY,LIMIT,152.32,2000,1320,1060
1764299000956,GOOGL,BUY,LIMIT,152.3,100,1321,1047
1764299001043,GOOGL,SELL,LIMIT,152.55,2000,1322,1057
1764299001141,GOOGL,BUY,LIMIT,152.49,200,1323,1004
1764299001154,GOOGL,BUY,LIMIT,152.56,5000,1324,1016
1764299001170,GOOGL,SELL,MARKET,0.0,1000,1325,1043
1764299001186,GOOGL,BUY,LIMIT,152.5,200,1326,1018
1764299001263,GOOGL,BUY,LIMIT,152.53,500,1327,1047
1764299001328,GOOGL,SELL,LIMIT,152.7,100,1328,1059
1764299001424,GOOGL,SELL,MARKET,0.0,1000,1329,1000
1764299001519,GOOGL,BUY,LIMIT,152.55,100,1330,1040
1764299001610,GOOGL,SELL,LIMIT,152.68,200,1331,1030
1764299001666,GOOGL,BUY,LIMIT,152.6,1000,1332,1064
1764299001668,GOOGL,SELL,LIMIT,152.78,5000,1333,1083
1764299001721,GOOGL,SELL,MARKET,0.0,1000,1334,1004
1764299001744,GOOGL,BUY,LIMIT,152.66,5000,1335,1086
1764299001807,GOOGL,BUY,LIMIT,152.59,2000,1336,1022
1764299001868,GOOGL,BUY,LIMIT,152.62,100,1337,1049
1764299001904,GOOGL,BUY,LIMIT,152.61,200,1338,1055
1764299001974,GOOGL,SELL,MARKET,0.0,100,1339,1065
1764299002031,GOOGL,SELL,LIMIT,152.85,1000,1340,1018
1764299002089,GOOGL,BUY,LIMIT,152.65,200,1341,1023
1764299002096,GOOGL,SELL,LIMIT,152.75,500,1342,1002
1764299002165,GOOGL,SELL,MARKET,0.0,2000,1343,1061
1764299002208,GOOGL,SELL,LIMIT,152.77,1000,1344,1032
1764299002234,GOOGL,BUY,LIMIT,152.67,5000,1345,1000
1764299002284,GOOGL,BUY,LIMIT,152.54,1000,1346,1015
1764299002309,GOOGL,BUY,LIMIT,152.57,5000,1347,1089
1764299002314,GOOGL,SELL,MARKET,0.0,5000,1348,1044
1764299002395,GOOGL,BUY,LIMIT,152.63,200,1349,1044
1764299002449,GOOGL,BUY,LIMIT,152.57,100,1350,1085
1764299002534,GOOGL,SELL,MARKET,0.0,1000,1351,1070
1764299002541,GOOGL,BUY,LIMIT,152.71,5000,1352,1034
1764299002545,GOOGL,BUY,LIMIT,152.62,5000,1353,1025
1764299002549,GOOGL,BUY,LIMIT,152.62,500,1354,1064
1764299002640,GOOGL,SELL,MARKET,0.0,2000,1355,1048
1764299002686,GOOGL,BUY,LIMIT,152.61,1000,1356,1061
1764299002701,GOOGL,SELL,LIMIT,152.67,100,1357,1052
1764299002753,GOOGL,SELL,MARKET,0.0,500,1358,1094
1764299002820,GOOGL,SELL,LIMIT,152.68,5000,1359,1098
1764299002913,GOOGL,BUY,LIMIT,152.53,200,1360,1084
1764299003000,GOOGL,SELL,LIMIT,152.73,200,1361,1026
1764299003095,GOOGL,BUY,LIMIT,152.56,100,1362,1026
1764299003181,GOOGL,BUY,MARKET,0.0,1000,1363,1011
1764299003267,GOOGL,BUY,LIMIT,152.54,100,1364,1080
1764299003279,GOOGL,SELL,LIMIT,152.6,500,1365,1029
1764299003344,GOOGL,SELL,LIMIT,152.65,5000,1366,1019
1764299003354,GOOGL,BUY,LIMIT,152.69,1000,1367,1083
1764299003371,GOOGL,SELL,MARKET,0.0,5000,1368,1011
1764299003445,GOOGL,SELL,LIMIT,152.68,5000,1369,1054
1764299003468,GOOGL,SELL,LIMIT,152.64,500,1370,1031
1764299003518,GOOGL,SELL,LIMIT,152.66,2000,1371,1074
1764299003609,GOOGL,BUY,MARKET,0.0,200,1372,1076
1764299003692,GOOGL,SELL,MARKET,0.0,5000,1373,1094
1764299003743,GOOGL,SELL,LIMIT,152.46,100,1374,1060
1764299003762,GOOGL,BUY,LIMIT,152.31,500,1375,1000
1764299003813,GOOGL,SELL,LIMIT,152.44,2000,1376,1010
1764299003853,GOOGL,BUY,MARKET,0.0,1000,1377,1044
1764299003928,GOOGL,SELL,LIMIT,152.44,5000,1378,1071
1764299003956,GOOGL,SELL,LIMIT,152.4,2000,1379,1004
1764299004047,GOOGL,BUY,LIMIT,152.31,500,1380,1067
1764299004068,GOOGL,SELL,MARKET,0.0,2000,1381,1053
1764299004129,GOOGL,SELL,MARKET,0.0,100,1382,1069
1764299004169,GOOGL,SELL,LIMIT,152.5,500,1383,1079
1764299004203,GOOGL,SELL,LIMIT,152.5,100,1384,1055
1764299004303,GOOGL,BUY,MARKET,0.0,5000,1385,1064
1764299004397,GOOGL,SELL,LIMIT,152.51,200,1386,1009
1764299004475,GOOGL,BUY,LIMIT,152.27,1000,1387,1097
1764299004564,GOOGL,SELL,LIMIT,152.33,500,1388,1084
1764299004647,GOOGL,SELL,LIMIT,152.24,2000,1389,1033
1764299004688,GOOGL,BUY,LIMIT,152.0,1000,1390,1014
1764299004710,GOOGL,BUY,LIMIT,151.96,100,1391,1093
1764299004722,GOOGL,SELL,LIMIT,152.25,5000,1392,1039
1764299004810,GOOGL,BUY,LIMIT,151.99,5000,1393,1094
1764299004812,GOOGL,BUY,LIMIT,152.13,100,1394,1034
1764299004881,GOOGL,BUY,LIMIT,152.15,5000,1395,1085
1764299004964,GOOGL,BUY,LIMIT,152.23,2000,1396,1048
1764299005000,GOOGL,BUY,LIMIT,152.13,200,1397,1076
1764299005005,GOOGL,BUY,LIMIT,152.22,100,1398,1047
1764299005010,GOOGL,SELL,LIMIT,152.27,200,1399,1021
1764299005062,GOOGL,SELL,LIMIT,152.35,200,1400,1057
1764299005107,GOOGL,SELL,MARKET,0.0,5000,1401,1083
1764299005139,GOOGL,SELL,LIMIT,152.29,200,1402,1097
1764299005198,GOOGL,BUY,MARKET,0.0,1000,1403,1001
1764299005211,GOOGL,SELL,MARKET,0.0,2000,1404,1038
1764299005229,GOOGL,SELL,LIMIT,152.22,2000,1405,1098
1764299005310,GOOGL,SELL,LIMIT,152.18,100,1406,1052
1764299005364,GOOGL,BUY,LIMIT,152.03,1000,1407,1087
1764299005450,GOOGL,BUY,MARKET,0.0,1000,1408,1099
1764299005503,GOOGL,SELL,MARKET,0.0,1000,1409,1040
1764299005504,GOOGL,SELL,MARKET,0.0,5000,1410,1042
1764299005551,GOOGL,SELL,MARKET,0.0,100,1411,1091
1764299005642,GOOGL,BUY,MARKET,0.0,100,1412,1084
1764299005659,GOOGL,SELL,LIMIT,152.28,200,1413,1057
1764299005667,GOOGL,BUY,LIMIT,152.15,100,1414,1060
1764299005676,GOOGL,BUY,LIMIT,152.21,5000,1415,1025
1764299005768,GOOGL,BUY,LIMIT,152.27,1000,1416,1066
1764299005781,GOOGL,BUY,LIMIT,152.25,5000,1417,1019
1764299005811,GOOGL,SELL,LIMIT,152.37,100,1418,1085
1764299005859,GOOGL,SELL,LIMIT,152.41,1000,1419,1058
1764299005901,GOOGL,SELL,LIMIT,152.37,500,1420,1003
1764299005999,GOOGL,BUY,LIMIT,152.29,100,1421,1093
1764299006086,GOOGL,BUY,LIMIT,152.16,200,1422,1076
1764299006154,GOOGL,SELL,MARKET,0.0,500,1423,1033
1764299006180,GOOGL,BUY,LIMIT,152.01,5000,1424,1073
1764299006182,GOOGL,SELL,MARKET,0.0,2000,1425,1062
1764299006187,GOOGL,SELL,MARKET,0.0,100,1426,1049
1764299006238,GOOGL,BUY,LIMIT,152.04,500,1427,1049
1764299006268,GOOGL,BUY,LIMIT,152.05,200,1428,1059
1764299006361,GOOGL,BUY,LIMIT,151.98,100,1429,1100
1764299006423,GOOGL,SELL,LIMIT,152.08,100,1430,1046
1764299006462,GOOGL,BUY,MARKET,0.0,2000,1431,1038
1764299006479,GOOGL,BUY,LIMIT,151.97,1000,1432,1022
1764299006499,GOOGL,BUY,LIMIT,151.92,200,1433,1028
1764299006532,GOOGL,SELL,LIMIT,152.11,500,1434,1039
1764299006599,GOOGL,BUY,LIMIT,151.9,200,1435,1079
1764299006649,GOOGL,BUY,LIMIT,151.92,1000,1436,1001
1764299006737,GOOGL,SELL,LIMIT,152.11,200,1437,1086
1764299006747,GOOGL,BUY,MARKET,0.0,200,1438,1025
1764299006844,GOOGL,SELL,LIMIT,152.09,100,1439,1075
1764299006929,GOOGL,SELL,MARKET,0.0,2000,1440,1087
1764299007014,GOOGL,SELL,LIMIT,152.19,5000,1441,1095
1764299007039,GOOGL,BUY,LIMIT,152.17,500,1442,1064
1764299007094,GOOGL,BUY,LIMIT,152.12,5000,1443,1094
1764299007149,GOOGL,SELL,LIMIT,152.22,2000,1444,1053
1764299007160,GOOGL,BUY,MARKET,0.0,100,1445,1012
1764299007179,GOOGL,BUY,LIMIT,152.25,200,1446,1086
1764299007229,GOOGL,SELL,LIMIT,152.38,100,1447,1099
1764299007257,GOOGL,BUY,MARKET,0.0,500,1448,1056
1764299007355,GOOGL,SELL,MARKET,0.0,1000,1449,1050
1764299007420,GOOGL,BUY,LIMIT,152.38,500,1450,1069
1764299007502,GOOGL,BUY,LIMIT,152.31,1000,1451,1061
1764299007535,GOOGL,SELL,LIMIT,152.35,2000,1452,1058
1764299007628,GOOGL,BUY,LIMIT,152.22,200,1453,1025
1764299007720,GOOGL,BUY,LIMIT,152.13,100,1454,1071
1764299007788,GOOGL,BUY,MARKET,0.0,200,1455,1023
1764299007869,GOOGL,SELL,LIMIT,152.25,2000,1456,1094
1764299007902,GOOGL,BUY,LIMIT,152.1,100,1457,1087
1764299007962,GOOGL,BUY,LIMIT,152.15,200,1458,1002
1764299008057,GOOGL,SELL,LIMIT,152.34,200,1459,1013
1764299008099,GOOGL,BUY,LIMIT,152.29,200,1460,1036
1764299008134,GOOGL,BUY,MARKET,0.0,100,1461,1020
1764299008187,GOOGL,SELL,LIMIT,152.45,2000,1462,1003
1764299008198,GOOGL,SELL,LIMIT,152.43,2000,1463,1051
1764299008293,GOOGL,SELL,MARKET,0.0,100,1464,1062
1764299008358,GOOGL,BUY,LIMIT,152.42,2000,1465,1098
1764299008378,GOOGL,SELL,MARKET,0.0,1000,1466,1015
1764299008465,GOOGL,BUY,MARKET,0.0,200,1467,1079
1764299008530,GOOGL,BUY,LIMIT,152.27,500,1468,1001
1764299008630,GOOGL,SELL,LIMIT,152.36,5000,1469,1078
1764299008695,GOOGL,SELL,LIMIT,152.45,1000,1470,1085
1764299008766,GOOGL,SELL,LIMIT,152.54,200,1471,1059
1764299008860,GOOGL,SELL,LIMIT,152.53,2000,1472,1029
1764299008862,GOOGL,SELL,LIMIT,152.53,2000,1473,1081
1764299008934,GOOGL,SELL,LIMIT,152.61,2000,1474,1051
1764299009001,GOOGL,BUY,MARKET,0.0,500,1475,1064
1764299009099,GOOGL,BUY,LIMIT,152.61,500,1476,1063
1764299009105,GOOGL,SELL,LIMIT,152.72,1000,1477,1022
1764299009153,GOOGL,BUY,LIMIT,152.58,200,1478,1094
1764299009195,GOOGL,SELL,MARKET,0.0,5000,1479,1044
1764299009278,GOOGL,SELL,MARKET,0.0,500,1480,1025
1764299009338,GOOGL,BUY,LIMIT,152.77,100,1481,1014
1764299009420,GOOGL,SELL,MARKET,0.0,2000,1482,1051
1764299009449,GOOGL,SELL,LIMIT,153.04,200,1483,1025
1764299009470,GOOGL,SELL,LIMIT,153.07,500,1484,1078
1764299009570,GOOGL,BUY,LIMIT,152.99,1000,1485,1019
1764299009638,GOOGL,BUY,LIMIT,153.03,200,1486,1049
1764299009701,GOOGL,BUY,LIMIT,152.96,200,1487,1068
1764299009708,GOOGL,BUY,MARKET,0.0,200,1488,1091
1764299009756,GOOGL,BUY,LIMIT,152.81,5000,1489,1020
1764299009799,GOOGL,SELL,MARKET,0.0,200,1490,1012
1764299009817,GOOGL,BUY,LIMIT,152.73,5000,1491,1020
1764299009904,GOOGL,BUY,LIMIT,152.82,2000,1492,1046
1764299009991,GOOGL,SELL,LIMIT,152.87,500,1493,1063
1764299010033,GOOGL,SELL,LIMIT,152.9,2000,1494,1028
1764299010099,GOOGL,SELL,LIMIT,152.87,2000,1495,1044
1764299010159,GOOGL,SELL,LIMIT,152.77,500,1496,1002
1764299010176,GOOGL,SELL,LIMIT,152.84,200,1497,1057
1764299010191,GOOGL,SELL,LIMIT,152.91,1000,1498,1072
1764299010211,GOOGL,SELL,LIMIT,152.99,200,1499,1022
1764299010277,GOOGL,SELL,LIMIT,152.95,1000,1500,1056
1764299010313,GOOGL,SELL,LIMIT,152.85,100,1501,1091
1764299010394,GOOGL,SELL,LIMIT,152.77,500,1502,1058
1764299010429,GOOGL,BUY,LIMIT,152.81,100,1503,1063
1764299010494,GOOGL,BUY,LIMIT,152.77,2000,1504,1006
1764299010560,GOOGL,BUY,LIMIT,152.75,2000,1505,1000
1764299010634,GOOGL,BUY,MARKET,0.0,5000,1506,1050
1764299010718,GOOGL,SELL,LIMIT,152.95,1000,1507,1060
1764299010745,GOOGL,SELL,LIMIT,152.89,100,1508,1079
1764299010791,GOOGL,SELL,MARKET,0.0,500,1509,1031
1764299010810,GOOGL,SELL,LIMIT,152.87,100,1510,1042
1764299010853,GOOGL,BUY,LIMIT,152.7,500,1511,1034
1764299010912,GOOGL,BUY,MARKET,0.0,1000,1512,1058
1764299010920,GOOGL,SELL,LIMIT,152.85,1000,1513,1055
1764299010988,GOOGL,BUY,MARKET,0.0,500,1514,1094
1764299011046,GOOGL,SELL,LIMIT,152.91,500,1515,1069
1764299011120,GOOGL,BUY,LIMIT,152.87,5000,1516,1094
1764299011180,GOOGL,SELL,LIMIT,152.93,200,1517,1011
1764299011206,GOOGL,BUY,LIMIT,152.92,1000,1518,1071
1764299011258,GOOGL,SELL,LIMIT,152.92,5000,1519,1049
1764299011329,GOOGL,SELL,LIMIT,153.06,100,1520,1038
1764299011354,GOOGL,SELL,LIMIT,153.02,5000,1521,1082
1764299011402,GOOGL,BUY,LIMIT,152.99,5000,1522,1072
1764299011421,GOOGL,SELL,LIMIT,153.11,100,1523,1027
1764299011455,GOOGL,SELL,LIMIT,153.19,500,1524,1052
1764299011546,GOOGL,BUY,LIMIT,153.14,1000,1525,1053
1764299011634,GOOGL,SELL,MARKET,0.0,500,1526,1063
1764299011703,GOOGL,BUY,LIMIT,153.11,2000,1527,1035
1764299011781,GOOGL,BUY,LIMIT,152.98,2000,1528,1087
1764299011837,GOOGL,SELL,LIMIT,153.05,5000,1529,1047
1764299011930,GOOGL,SELL,LIMIT,152.97,100,1530,1092
1764299012016,GOOGL,SELL,LIMIT,152.94,1000,1531,1000
1764299012066,GOOGL,SELL,LIMIT,152.83,2000,1532,1076
1764299012116,GOOGL,BUY,LIMIT,152.69,500,1533,1054
1764299012213,GOOGL,SELL,LIMIT,152.9,2000,1534,1057
1764299012270,GOOGL,SELL,LIMIT,152.98,1000,1535,1065
1764299012357,GOOGL,SELL,LIMIT,153.03,500,1536,1021
1764299012361,GOOGL,BUY,MARKET,0.0,100,1537,1019
1764299012410,GOOGL,BUY,LIMIT,152.87,200,1538,1035
1764299012435,GOOGL,BUY,LIMIT,152.92,500,1539,1054
1764299012465,GOOGL,SELL,LIMIT,153.13,2000,1540,1058
1764299012474,GOOGL,SELL,LIMIT,153.11,2000,1541,1039
1764299012492,GOOGL,SELL,LIMIT,153.1,1000,1542,1008
1764299012567,GOOGL,BUY,LIMIT,153.09,100,1543,1084
1764299012577,GOOGL,BUY,LIMIT,153.0,200,1544,1060
1764299012588,GOOGL,SELL,LIMIT,153.15,200,1545,1057
1764299012606,GOOGL,SELL,LIMIT,153.28,2000,1546,1031
1764299012616,GOOGL,SELL,MARKET,0.0,200,1547,1036
1764299012669,GOOGL,SELL,LIMIT,153.2,5000,1548,1009
1764299012753,GOOGL,BUY,LIMIT,153.16,5000,1549,1100
1764299012810,GOOGL,BUY,LIMIT,153.03,1000,1550,1028
1764299012834,GOOGL,BUY,LIMIT,153.09,200,1551,1084
1764299012900,GOOGL,SELL,LIMIT,153.21,2000,1552,1019
1764299012921,GOOGL,SELL,LIMIT,153.17,100,1553,1069
1764299013021,GOOGL,SELL,LIMIT,153.06,2000,1554,1052
1764299013084,GOOGL,BUY,LIMIT,153.01,1000,1555,1031
1764299013102,GOOGL,SELL,LIMIT,153.18,5000,1556,1034
1764299013120,GOOGL,BUY,LIMIT,153.08,1000,1557,1088
1764299013126,GOOGL,SELL,LIMIT,153.12,500,1558,1028
1764299013222,GOOGL,SELL,LIMIT,153.28,100,1559,1057
1764299013301,GOOGL,SELL,LIMIT,153.18,200,1560,1047
1764299013365,GOOGL,BUY,LIMIT,153.12,200,1561,1033
1764299013376,GOOGL,SELL,LIMIT,153.28,5000,1562,1007
1764299013444,GOOGL,BUY,LIMIT,153.19,100,1563,1022
1764299013526,GOOGL,BUY,LIMIT,153.28,2000,1564,1057
1764299013546,GOOGL,SELL,LIMIT,153.36,500,1565,1080
1764299013645,GOOGL,SELL,MARKET,0.0,200,1566,1100
1764299013677,GOOGL,SELL,LIMIT,153.36,500,1567,1073
1764299013702,GOOGL,BUY,LIMIT,153.23,500,1568,1093
1764299013789,GOOGL,BUY,LIMIT,153.25,5000,1569,1019
1764299013810,GOOGL,SELL,LIMIT,153.39,500,1570,1004
1764299013872,GOOGL,SELL,LIMIT,153.49,5000,1571,1014
1764299013929,GOOGL,BUY,LIMIT,153.28,2000,1572,1066
1764299014013,GOOGL,SELL,LIMIT,153.46,5000,1573,1033
1764299014083,GOOGL,SELL,LIMIT,153.45,2000,1574,1066
1764299014157,GOOGL,SELL,LIMIT,153.38,2000,1575,1026
1764299014180,GOOGL,BUY,MARKET,0.0,2000,1576,1081
1764299014245,GOOGL,SELL,LIMIT,153.26,200,1577,1018
1764299014315,GOOGL,BUY,LIMIT,153.17,5000,1578,1083
1764299014405,GOOGL,BUY,LIMIT,153.3,2000,1579,1031
1764299014426,GOOGL,SELL,LIMIT,153.42,5000,1580,1091
1764299014522,GOOGL,SELL,LIMIT,153.41,1000,1581,1056
1764299014548,GOOGL,SELL,LIMIT,153.49,100,1582,1080
1764299014627,GOOGL,BUY,MARKET,0.0,100,1583,1047
1764299014630,GOOGL,SELL,LIMIT,153.4,100,1584,1030
1764299014716,GOOGL,BUY,LIMIT,153.23,2000,1585,1077
1764299014789,GOOGL,BUY,LIMIT,153.26,500,1586,1081
1764299014853,GOOGL,SELL,LIMIT,153.45,100,1587,1031
1764299014928,GOOGL,SELL,LIMIT,153.54,1000,1588,1049
1764299015020,GOOGL,SELL,LIMIT,153.47,2000,1589,1083
1764299015110,GOOGL,BUY,LIMIT,153.36,1000,1590,1010
1764299015186,GOOGL,BUY,LIMIT,153.32,5000,1591,1009
1764299015194,GOOGL,BUY,LIMIT,153.44,100,1592,1040
1764299015220,GOOGL,BUY,LIMIT,153.49,500,1593,1059
1764299015277,GOOGL,BUY,LIMIT,153.44,1000,1594,1086
1764299015290,GOOGL,BUY,LIMIT,153.49,5000,1595,1041
1764299015363,GOOGL,SELL,LIMIT,153.61,1000,1596,1083
1764299015434,GOOGL,BUY,LIMIT,153.51,1000,1597,1016
1764299015510,GOOGL,SELL,LIMIT,153.58,500,1598,1077
1764299015522,GOOGL,SELL,LIMIT,153.56,1000,1599,1094
1764299015594,GOOGL,BUY,LIMIT,153.35,100,1600,1052
1764299015607,GOOGL,BUY,LIMIT,153.47,1000,1601,1060
1764299015620,GOOGL,SELL,LIMIT,153.62,100,1602,1064
1764299015685,GOOGL,BUY,LIMIT,153.38,1000,1603,1071
1764299015746,GOOGL,BUY,LIMIT,153.33,100,1604,1092
1764299015760,GOOGL,SELL,LIMIT,153.51,100,1605,1096
1764299015789,GOOGL,BUY,LIMIT,153.52,500,1606,1008
1764299015841,GOOGL,BUY,LIMIT,153.49,1000,1607,1037
1764299015882,GOOGL,SELL,LIMIT,153.61,2000,1608,1023
1764299015903,GOOGL,BUY,MARKET,0.0,200,1609,1013
1764299016002,GOOGL,BUY,LIMIT,153.62,2000,1610,1092
1764299016077,GOOGL,SELL,LIMIT,153.67,200,1611,1100
1764299016107,GOOGL,SELL,MARKET,0.0,2000,1612,1088
1764299016192,GOOGL,BUY,LIMIT,153.63,1000,1613,1022
1764299016222,GOOGL,SELL,LIMIT,153.77,200,1614,1043
1764299016280,GOOGL,SELL,LIMIT,153.72,500,1615,1076
1764299016370,GOOGL,SELL,MARKET,0.0,200,1616,1059
1764299016404,GOOGL,BUY,LIMIT,153.79,500,1617,1059
1764299016498,GOOGL,SELL,LIMIT,153.92,2000,1618,1075
1764299016519,GOOGL,BUY,LIMIT,153.74,1000,1619,1030
1764299016573,GOOGL,SELL,LIMIT,153.97,200,1620,1017
1764299016578,GOOGL,SELL,LIMIT,153.92,5000,1621,1044
1764299016660,GOOGL,SELL,LIMIT,153.96,1000,1622,1016
1764299016709,GOOGL,SELL,LIMIT,153.9,100,1623,1052
1764299016742,GOOGL,SELL,LIMIT,153.92,2000,1624,1092
1764299016780,GOOGL,BUY,MARKET,0.0,100,1625,1100
1764299016878,GOOGL,BUY,MARKET,0.0,200,1626,1073
1764299016901,GOOGL,SELL,LIMIT,153.75,100,1627,1053
1764299016934,GOOGL,BUY,LIMIT,153.65,1000,1628,1084
1764299016990,GOOGL,SELL,LIMIT,153.86,5000,1629,1068
1764299017020,GOOGL,SELL,LIMIT,153.91,500,1630,1033
1764299017089,GOOGL,BUY,LIMIT,153.89,200,1631,1019
1764299017170,GOOGL,SELL,LIMIT,153.94,2000,1632,1075
1764299017258,GOOGL,BUY,MARKET,0.0,2000,1633,1034
1764299017319,GOOGL,SELL,LIMIT,153.92,1000,1634,1018
1764299017404,GOOGL,SELL,LIMIT,153.91,2000,1635,1046
1764299017412,GOOGL,SELL,LIMIT,153.95,200,1636,1067
1764299017466,GOOGL,SELL,LIMIT,153.99,200,1637,1082
1764299017493,GOOGL,BUY,LIMIT,153.94,200,1638,1052
1764299017581,GOOGL,SELL,MARKET,0.0,1000,1639,1089
1764299017592,GOOGL,SELL,MARKET,0.0,2000,1640,1068
1764299017631,GOOGL,SELL,LIMIT,153.97,100,1641,1007
1764299017643,GOOGL,SELL,LIMIT,154.01,100,1642,1022
1764299017741,GOOGL,SELL,LIMIT,154.08,5000,1643,1042
1764299017755,GOOGL,BUY,LIMIT,153.93,1000,1644,1002
1764299017847,GOOGL,SELL,LIMIT,154.05,500,1645,1052
1764299017923,GOOGL,SELL,MARKET,0.0,2000,1646,1045
1764299017933,GOOGL,BUY,MARKET,0.0,1000,1647,1005
1764299017972,GOOGL,BUY,MARKET,0.0,1000,1648,1094
1764299017980,GOOGL,SELL,LIMIT,154.21,100,1649,1076
1764299018032,GOOGL,SELL,LIMIT,154.25,100,1650,1080
1764299018113,GOOGL,BUY,LIMIT,154.1,2000,1651,1055
1764299018209,GOOGL,SELL,LIMIT,154.09,100,1652,1073
1764299018298,GOOGL,SELL,LIMIT,154.07,2000,1653,1049
1764299018346,GOOGL,BUY,LIMIT,154.0,200,1654,1046
1764299018387,GOOGL,BUY,LIMIT,154.01,100,1655,1099
1764299018390,GOOGL,BUY,MARKET,0.0,100,1656,1064
1764299018444,GOOGL,SELL,MARKET,0.0,200,1657,1039
1764299018496,GOOGL,BUY,LIMIT,154.0,500,1658,1071
1764299018595,GOOGL,SELL,LIMIT,154.17,2000,1659,1037
1764299018664,GOOGL,SELL,MARKET,0.0,2000,1660,1020
1764299018680,GOOGL,SELL,LIMIT,154.07,500,1661,1097
1764299018702,GOOGL,BUY,LIMIT,153.88,2000,1662,1052
1764299018778,GOOGL,BUY,LIMIT,153.82,1000,1663,1077
1764299018822,GOOGL,SELL,LIMIT,153.89,2000,1664,1098
1764299018896,GOOGL,SELL,LIMIT,153.91,500,1665,1055
1764299018958,GOOGL,SELL,MARKET,0.0,100,1666,1097
1764299018961,GOOGL,SELL,LIMIT,153.86,100,1667,1073
1764299019010,GOOGL,BUY,LIMIT,153.71,100,1668,1000
1764299019085,GOOGL,SELL,MARKET,0.0,1000,1669,1079
1764299019167,GOOGL,SELL,LIMIT,153.75,100,1670,1027
1764299019236,GOOGL,SELL,LIMIT,153.82,200,1671,1082
1764299019259,GOOGL,SELL,LIMIT,153.92,200,1672,1038
1764299019298,GOOGL,SELL,LIMIT,153.87,100,1673,1017
1764299019364,GOOGL,SELL,LIMIT,153.76,2000,1674,1058
1764299019434,GOOGL,SELL,LIMIT,153.86,1000,1675,1086
1764299019449,GOOGL,SELL,LIMIT,153.83,500,1676,1062
1764299019489,GOOGL,SELL,LIMIT,153.73,2000,1677,1007
1764299019545,GOOGL,SELL,LIMIT,153.73,500,1678,1029
1764299019599,GOOGL,SELL,LIMIT,153.77,100,1679,1070
1764299019683,GOOGL,BUY,LIMIT,153.74,100,1680,1096
1764299019745,GOOGL,SELL,LIMIT,153.83,500,1681,1001
1764299019834,GOOGL,BUY,LIMIT,153.67,2000,1682,1020
1764299019915,GOOGL,SELL,LIMIT,153.83,1000,1683,1025
1764299019966,GOOGL,SELL,LIMIT,153.76,5000,1684,1081
1764299020033,GOOGL,BUY,LIMIT,153.67,200,1685,1065
1764299020083,GOOGL,SELL,LIMIT,153.7,100,1686,1063
1764299020137,GOOGL,SELL,MARKET,0.0,1000,1687,1017
1764299020147,GOOGL,BUY,MARKET,0.0,2000,1688,1026
1764299020234,GOOGL,BUY,LIMIT,153.67,200,1689,1000
1764299020309,GOOGL,SELL,LIMIT,153.75,5000,1690,1038
1764299020311,GOOGL,BUY,LIMIT,153.66,5000,1691,1036
1764299020328,GOOGL,SELL,LIMIT,153.62,2000,1692,1037
1764299020349,GOOGL,BUY,LIMIT,153.53,200,1693,1032
1764299020398,GOOGL,SELL,MARKET,0.0,200,1694,1067
1764299020403,GOOGL,BUY,LIMIT,153.66,5000,1695,1064
1764299020472,GOOGL,BUY,LIMIT,153.65,200,1696,1016
1764299020514,GOOGL,SELL,LIMIT,153.77,100,1697,1021
1764299020558,GOOGL,BUY,MARKET,0.0,1000,1698,1097
1764299020655,GOOGL,SELL,LIMIT,153.87,200,1699,1042
1764299020705,GOOGL,SELL,LIMIT,153.79,100,1700,1065
1764299020764,GOOGL,SELL,LIMIT,153.92,1000,1701,1010
1764299020769,GOOGL,BUY,LIMIT,153.66,100,1702,1080
1764299020849,GOOGL,SELL,LIMIT,153.94,200,1703,1045
1764299020943,GOOGL,BUY,LIMIT,153.72,100,1704,1045
1764299021033,GOOGL,BUY,LIMIT,153.71,2000,1705,1020
1764299021091,GOOGL,SELL,LIMIT,153.68,5000,1706,1011
1764299021149,GOOGL,BUY,MARKET,0.0,200,1707,1038
1764299021216,GOOGL,SELL,LIMIT,153.87,1000,1708,1046
1764299021220,GOOGL,BUY,LIMIT,153.68,200,1709,1091
1764299021279,GOOGL,SELL,LIMIT,153.94,100,1710,1013
1764299021326,GOOGL,BUY,MARKET,0.0,500,1711,1091
1764299021386,GOOGL,SELL,LIMIT,153.96,1000,1712,1032
1764299021429,GOOGL,SELL,LIMIT,154.02,2000,1713,1040
1764299021449,GOOGL,SELL,LIMIT,154.12,100,1714,1043
1764299021525,GOOGL,SELL,LIMIT,154.16,200,1715,1043
1764299021539,GOOGL,SELL,LIMIT,154.2,5000,1716,1087
1764299021621,GOOGL,BUY,LIMIT,154.06,100,1717,1024
1764299021643,GOOGL,BUY,MARKET,0.0,2000,1718,1052
1764299021737,GOOGL,BUY,LIMIT,154.14,500,1719,1064
1764299021799,GOOGL,BUY,LIMIT,154.22,1000,1720,1081
1764299021828,GOOGL,BUY,LIMIT,154.16,1000,1721,1093
1764299021832,GOOGL,SELL,LIMIT,154.29,2000,1722,1003
1764299021867,GOOGL,BUY,LIMIT,154.08,200,1723,1073
1764299021930,GOOGL,SELL,LIMIT,154.16,2000,1724,1058
1764299022002,GOOGL,BUY,LIMIT,154.03,5000,1725,1066
1764299022009,GOOGL,BUY,LIMIT,154.15,1000,1726,1028
1764299022105,GOOGL,SELL,LIMIT,154.24,500,1727,1035
1764299022174,GOOGL,BUY,LIMIT,154.26,1000,1728,1088
1764299022265,GOOGL,SELL,LIMIT,154.29,500,1729,1046
1764299022315,GOOGL,SELL,LIMIT,154.24,200,1730,1100
1764299022390,GOOGL,SELL,LIMIT,154.24,100,1731,1014
1764299022401,GOOGL,BUY,LIMIT,154.17,100,1732,1002
1764299022426,GOOGL,SELL,LIMIT,154.27,5000,1733,1095
1764299022432,GOOGL,SELL,LIMIT,154.22,2000,1734,1095
1764299022493,GOOGL,BUY,LIMIT,154.1,5000,1735,1071
1764299022508,GOOGL,BUY,LIMIT,154.22,500,1736,1027
1764299022515,GOOGL,BUY,MARKET,0.0,500,1737,1029
1764299022524,GOOGL,BUY,LIMIT,154.32,100,1738,1066
1764299022551,GOOGL,SELL,LIMIT,154.38,100,1739,1095
1764299022625,GOOGL,BUY,LIMIT,154.18,100,1740,1029
1764299022635,GOOGL,SELL,LIMIT,154.25,5000,1741,1091
1764299022688,GOOGL,BUY,LIMIT,154.06,500,1742,1069
1764299022717,GOOGL,BUY,MARKET,0.0,1000,1743,1029
1764299022816,GOOGL,BUY,MARKET,0.0,500,1744,1073
1764299022858,GOOGL,BUY,LIMIT,154.18,500,1745,1089
1764299022860,GOOGL,SELL,LIMIT,154.33,200,1746,1059
1764299022905,GOOGL,SELL,LIMIT,154.16,2000,1747,1058
1764299022945,GOOGL,SELL,LIMIT,154.24,5000,1748,1092
1764299023012,GOOGL,SELL,LIMIT,154.26,500,1749,1023
1764299023055,GOOGL,SELL,LIMIT,154.14,500,1750,1030
1764299023118,GOOGL,BUY,LIMIT,154.08,2000,1751,1074
1764299023143,GOOGL,SELL,LIMIT,154.22,1000,1752,1047
1764299023150,GOOGL,BUY,LIMIT,154.12,500,1753,1064
1764299023181,GOOGL,BUY,LIMIT,154.28,200,1754,1059
1764299023269,GOOGL,BUY,LIMIT,154.19,5000,1755,1095
1764299023343,GOOGL,BUY,LIMIT,154.16,200,1756,1042
1764299023349,GOOGL,SELL,LIMIT,154.3,1000,1757,1031
1764299023361,GOOGL,BUY,LIMIT,154.22,2000,1758,1099
1764299023363,GOOGL,BUY,LIMIT,154.13,5000,1759,1073
1764299023456,GOOGL,SELL,MARKET,0.0,5000,1760,1020
1764299023469,GOOGL,BUY,LIMIT,154.3,500,1761,1059
1764299023568,GOOGL,BUY,LIMIT,154.33,100,1762,1031
1764299023619,GOOGL,SELL,LIMIT,154.39,5000,1763,1074
1764299023643,GOOGL,SELL,LIMIT,154.42,100,1764,1032
1764299023696,GOOGL,BUY,MARKET,0.0,500,1765,1073
1764299023785,GOOGL,SELL,MARKET,0.0,200,1766,1037
1764299023801,GOOGL,BUY,MARKET,0.0,200,1767,1038
1764299023857,GOOGL,BUY,LIMIT,154.58,5000,1768,1085
1764299023949,GOOGL,BUY,MARKET,0.0,5000,1769,1059
1764299024001,GOOGL,SELL,LIMIT,154.53,5000,1770,1037
1764299024062,GOOGL,BUY,LIMIT,154.41,100,1771,1030
1764299024125,GOOGL,BUY,MARKET,0.0,1000,1772,1099
1764299024193,GOOGL,BUY,LIMIT,154.47,100,1773,1068
1764299024281,GOOGL,SELL,MARKET,0.0,5000,1774,1082
1764299024368,GOOGL,BUY,LIMIT,154.48,100,1775,1017
1764299024391,GOOGL,BUY,LIMIT,154.6,500,1776,1050
1764299024434,GOOGL,SELL,LIMIT,154.72,5000,1777,1073
1764299024437,GOOGL,SELL,MARKET,0.0,2000,1778,1070
1764299024452,GOOGL,SELL,LIMIT,154.62,2000,1779,1070
1764299024496,GOOGL,BUY,LIMIT,154.5,100,1780,1007
1764299024534,GOOGL,BUY,LIMIT,154.51,500,1781,1056
1764299024632,GOOGL,SELL,LIMIT,154.7,200,1782,1043
1764299024728,GOOGL,BUY,MARKET,0.0,500,1783,1033
1764299024804,GOOGL,BUY,LIMIT,154.58,2000,1784,1022
1764299024816,GOOGL,BUY,LIMIT,154.65,500,1785,1067
1764299024892,GOOGL,SELL,LIMIT,154.75,100,1786,1085
1764299024900,GOOGL,SELL,LIMIT,154.68,500,1787,1058
1764299024914,GOOGL,BUY,MARKET,0.0,200,1788,1089
1764299024925,GOOGL,BUY,LIMIT,154.48,500,1789,1070
1764299024992,GOOGL,BUY,LIMIT,154.59,1000,1790,1006
1764299024993,GOOGL,SELL,LIMIT,154.81,2000,1791,1063
1764299025030,GOOGL,SELL,LIMIT,154.71,1000,1792,1032
1764299025117,GOOGL,BUY,LIMIT,154.74,1000,1793,1016
1764299025184,GOOGL,BUY,MARKET,0.0,5000,1794,1052
1764299025274,GOOGL,BUY,LIMIT,154.59,100,1795,1091
1764299025287,GOOGL,BUY,LIMIT,154.54,5000,1796,1087
1764299025346,GOOGL,BUY,LIMIT,154.57,1000,1797,1088
1764299025418,GOOGL,SELL,LIMIT,154.78,200,1798,1069
1764299025492,GOOGL,SELL,MARKET,0.0,1000,1799,1072
1764299025513,GOOGL,BUY,LIMIT,154.59,2000,1800,1028
1764299025520,GOOGL,BUY,MARKET,0.0,1000,1801,1069
1764299025546,GOOGL,BUY,LIMIT,154.63,100,1802,1040
1764299025602,GOOGL,BUY,LIMIT,154.51,1000,1803,1036
1764299025604,GOOGL,SELL,LIMIT,154.66,200,1804,1086
1764299025643,GOOGL,SELL,MARKET,0.0,5000,1805,1061
1764299025724,GOOGL,SELL,LIMIT,154.55,100,1806,1079
1764299025770,GOOGL,SELL,LIMIT,154.58,500,1807,1044
1764299025809,GOOGL,SELL,LIMIT,154.55,2000,1808,1100
1764299025838,GOOGL,SELL,LIMIT,154.55,200,1809,1013
1764299025922,GOOGL,BUY,LIMIT,154.47,5000,1810,1063
1764299025924,GOOGL,BUY,LIMIT,154.44,2000,1811,1072
1764299025966,GOOGL,BUY,MARKET,0.0,500,1812,1001
1764299025998,GOOGL,BUY,LIMIT,154.39,500,1813,1019
1764299026093,GOOGL,BUY,LIMIT,154.42,200,1814,1082
1764299026166,GOOGL,SELL,LIMIT,154.63,100,1815,1024
1764299026169,GOOGL,BUY,LIMIT,154.61,500,1816,1079
1764299026174,GOOGL,SELL,LIMIT,154.74,200,1817,1047
1764299026206,GOOGL,SELL,LIMIT,154.86,200,1818,1012
1764299026217,GOOGL,BUY,LIMIT,154.68,1000,1819,1045
1764299026257,GOOGL,SELL,LIMIT,154.8,100,1820,1018
1764299026321,GOOGL,BUY,MARKET,0.0,500,1821,1017
1764299026379,GOOGL,SELL,MARKET,0.0,200,1822,1050
1764299026431,GOOGL,SELL,LIMIT,154.95,2000,1823,1017
1764299026472,GOOGL,BUY,LIMIT,154.82,100,1824,1045
1764299026533,GOOGL,SELL,LIMIT,155.03,500,1825,1004
1764299026538,GOOGL,SELL,LIMIT,155.13,1000,1826,1083
1764299026624,GOOGL,BUY,MARKET,0.0,500,1827,1077
1764299026662,GOOGL,BUY,LIMIT,155.12,2000,1828,1077
1764299026700,GOOGL,BUY,LIMIT,155.06,1000,1829,1058
1764299026742,GOOGL,BUY,LIMIT,154.94,1000,1830,1057
1764299026775,GOOGL,SELL,MARKET,0.0,2000,1831,1036
1764299026798,GOOGL,BUY,LIMIT,155.08,200,1832,1079
1764299026897,GOOGL,BUY,MARKET,0.0,200,1833,1087
1764299026960,GOOGL,SELL,LIMIT,155.02,5000,1834,1041
1764299027030,GOOGL,SELL,LIMIT,155.12,1000,1835,1034
1764299027092,GOOGL,BUY,LIMIT,155.05,2000,1836,1075
1764299027136,GOOGL,BUY,LIMIT,154.99,500,1837,1060
1764299027151,GOOGL,SELL,LIMIT,155.25,1000,1838,1042
1764299027222,GOOGL,SELL,LIMIT,155.19,100,1839,1041
1764299027236,GOOGL,BUY,LIMIT,155.23,100,1840,1035
1764299027278,GOOGL,BUY,LIMIT,155.24,500,1841,1012
1764299027353,GOOGL,SELL,LIMIT,155.33,2000,1842,1096
1764299027448,GOOGL,BUY,MARKET,0.0,200,1843,1094
1764299027498,GOOGL,BUY,LIMIT,155.23,100,1844,1014
1764299027534,GOOGL,BUY,LIMIT,155.33,200,1845,1056
1764299027632,GOOGL,BUY,LIMIT,155.16,1000,1846,1004
1764299027704,GOOGL,SELL,LIMIT,155.23,100,1847,1096
1764299027728,GOOGL,SELL,LIMIT,155.22,500,1848,1002
1764299027773,GOOGL,BUY,LIMIT,155.09,1000,1849,1028
1764299027854,GOOGL,SELL,LIMIT,155.32,100,1850,1035
1764299027932,GOOGL,BUY,MARKET,0.0,500,1851,1074
1764299027951,GOOGL,BUY,LIMIT,155.33,200,1852,1014
1764299028013,GOOGL,SELL,LIMIT,155.38,2000,1853,1097
1764299028026,GOOGL,SELL,LIMIT,155.48,500,1854,1083
1764299028076,GOOGL,SELL,LIMIT,155.43,200,1855,1076
1764299028168,GOOGL,SELL,LIMIT,155.48,200,1856,1024
1764299028185,GOOGL,SELL,LIMIT,155.49,100,1857,1087
1764299028229,GOOGL,BUY,LIMIT,155.34,500,1858,1002
1764299028291,GOOGL,BUY,LIMIT,155.43,5000,1859,1011
1764299028320,GOOGL,BUY,LIMIT,155.5,500,1860,1094
1764299028384,GOOGL,BUY,MARKET,0.0,1000,1861,1042
1764299028434,GOOGL,SELL,LIMIT,155.63,2000,1862,1004
1764299028528,GOOGL,BUY,LIMIT,155.5,2000,1863,1082
1764299028614,GOOGL,BUY,LIMIT,155.55,200,1864,1043
1764299028680,GOOGL,SELL,LIMIT,155.75,2000,1865,1054
1764299028694,GOOGL,SELL,LIMIT,155.73,1000,1866,1031
1764299028738,GOOGL,BUY,LIMIT,155.71,500,1867,1034
1764299028792,GOOGL,SELL,LIMIT,155.82,1000,1868,1024
1764299028884,GOOGL,SELL,LIMIT,155.9,1000,1869,1098
1764299028943,GOOGL,SELL,LIMIT,155.76,1000,1870,1080
1764299028968,GOOGL,SELL,LIMIT,155.88,100,1871,1064
1764299028986,GOOGL,BUY,LIMIT,155.79,1000,1872,1039
1764299029059,GOOGL,BUY,LIMIT,155.81,100,1873,1018
1764299029113,GOOGL,BUY,MARKET,0.0,200,1874,1002
1764299029204,GOOGL,SELL,LIMIT,155.94,2000,1875,1078
1764299029294,GOOGL,SELL,MARKET,0.0,500,1876,1051
1764299029346,GOOGL,BUY,MARKET,0.0,200,1877,1072
1764299029377,GOOGL,BUY,LIMIT,156.05,2000,1878,1038
1764299029414,GOOGL,BUY,MARKET,0.0,1000,1879,1063
1764299029428,GOOGL,BUY,LIMIT,156.05,1000,1880,1068
1764299029498,GOOGL,SELL,LIMIT,156.12,2000,1881,1077
1764299029592,GOOGL,SELL,MARKET,0.0,1000,1882,1086
1764299029617,GOOGL,SELL,LIMIT,155.91,5000,1883,1091
1764299029684,GOOGL,SELL,MARKET,0.0,100,1884,1042
1764299029752,GOOGL,SELL,LIMIT,155.92,1000,1885,1027
1764299029757,GOOGL,BUY,LIMIT,155.88,500,1886,1082
1764299029778,GOOGL,BUY,MARKET,0.0,1000,1887,1051
1764299029805,GOOGL,SELL,MARKET,0.0,500,1888,1022
1764299029815,GOOGL,SELL,LIMIT,156.14,2000,1889,1083
1764299029914,GOOGL,BUY,LIMIT,156.05,2000,1890,1054
1764299029932,GOOGL,SELL,MARKET,0.0,2000,1891,1094
1764299029946,GOOGL,BUY,LIMIT,155.96,5000,1892,1003
1764299029995,GOOGL,SELL,LIMIT,156.16,500,1893,1078
1764299030036,GOOGL,SELL,LIMIT,156.08,100,1894,1097
1764299030108,GOOGL,BUY,LIMIT,156.01,1000,1895,1041
1764299030151,GOOGL,BUY,MARKET,0.0,100,1896,1058
1764299030163,GOOGL,BUY,LIMIT,155.98,500,1897,1054
1764299030167,GOOGL,SELL,LIMIT,156.11,200,1898,1084
1764299030238,GOOGL,BUY,LIMIT,156.01,1000,1899,1049
1764299030250,GOOGL,SELL,MARKET,0.0,2000,1900,1100
1764299030264,GOOGL,BUY,MARKET,0.0,200,1901,1086
1764299030268,GOOGL,SELL,LIMIT,156.24,2000,1902,1045
1764299030313,GOOGL,BUY,MARKET,0.0,2000,1903,1049
1764299030374,GOOGL,BUY,MARKET,0.0,200,1904,1063
1764299030474,GOOGL,SELL,LIMIT,156.04,5000,1905,1074
1764299030531,GOOGL,BUY,LIMIT,155.88,5000,1906,1083
1764299030591,GOOGL,BUY,LIMIT,155.87,2000,1907,1060
1764299030673,GOOGL,BUY,LIMIT,155.83,5000,1908,1087
1764299030720,GOOGL,SELL,LIMIT,156.04,2000,1909,1003
1764299030741,GOOGL,BUY,LIMIT,155.87,5000,1910,1095
1764299030824,GOOGL,SELL,LIMIT,155.97,5000,1911,1027
1764299030844,GOOGL,SELL,LIMIT,156.02,2000,1912,1050
1764299030904,GOOGL,SELL,MARKET,0.0,2000,1913,1000
1764299030977,GOOGL,BUY,LIMIT,155.96,200,1914,1093
1764299031039,GOOGL,BUY,LIMIT,155.97,2000,1915,1031
1764299031107,GOOGL,BUY,LIMIT,156.11,100,1916,1096
1764299031168,GOOGL,BUY,LIMIT,156.06,500,1917,1062
1764299031264,GOOGL,BUY,MARKET,0.0,200,1918,1034
1764299031289,GOOGL,BUY,LIMIT,156.02,5000,1919,1065
1764299031374,GOOGL,BUY,LIMIT,155.88,5000,1920,1021
1764299031429,GOOGL,SELL,LIMIT,156.09,5000,1921,1069
1764299031451,GOOGL,BUY,MARKET,0.0,5000,1922,1099
1764299031536,GOOGL,BUY,LIMIT,156.04,5000,1923,1046
1764299031614,GOOGL,BUY,LIMIT,156.11,5000,1924,1071
