timestamp,symbol,side,order_type,price,quantity,order_id,trader_id
1764298682903,AAPL,SELL,MARKET,0.0,1000,1,1028
1764298682939,AAPL,BUY,LIMIT,149.95,200,2,1012
1764298682994,AAPL,BUY,LIMIT,149.96,5000,3,1084
1764298683034,AAPL,SELL,LIMIT,149.97,500,4,1014
1764298683066,AAPL,BUY,LIMIT,149.96,1000,5,1074
1764298683110,AAPL,BUY,LIMIT,149.88,200,6,1032
1764298683128,AAPL,BUY,LIMIT,149.86,500,7,1089
1764298683219,AAPL,SELL,LIMIT,149.99,100,8,1079
1764298683253,AAPL,SELL,MARKET,0.0,1000,9,1055
1764298683348,AAPL,SELL,LIMIT,150.11,200,10,1069
1764298683397,AAPL,BUY,LIMIT,149.92,1000,11,1068
1764298683474,AAPL,SELL,LIMIT,150.08,500,12,1046
1764298683514,AAPL,BUY,LIMIT,150.05,500,13,1063
1764298683609,AAPL,BUY,LIMIT,150.15,200,14,1010
1764298683683,AAPL,BUY,LIMIT,150.12,2000,15,1023
1764298683734,AAPL,SELL,MARKET,0.0,1000,16,1038
1764298683810,AAPL,BUY,LIMIT,150.16,2000,17,1033
1764298683872,AAPL,BUY,LIMIT,150.09,200,18,1100
1764298683886,AAPL,SELL,LIMIT,150.13,200,19,1072
1764298683909,AAPL,BUY,MARKET,0.0,200,20,1019
1764298683931,AAPL,SELL,LIMIT,150.2,1000,21,1027
1764298683982,AAPL,SELL,LIMIT,150.28,100,22,1072
1764298684027,AAPL,SELL,LIMIT,150.19,500,23,1055
1764298684092,AAPL,BUY,MARKET,0.0,1000,24,1047
1764298684164,AAPL,BUY,MARKET,0.0,200,25,1091
1764298684200,AAPL,SELL,LIMIT,150.23,1000,26,1042
1764298684242,AAPL,SELL,MARKET,0.0,100,27,1007
1764298684328,AAPL,SELL,LIMIT,150.17,2000,28,1079
1764298684420,AAPL,BUY,MARKET,0.0,500,29,1077
1764298684508,AAPL,BUY,LIMIT,149.95,100,30,1082
1764298684587,AAPL,BUY,LIMIT,149.86,200,31,1041
1764298684608,AAPL,BUY,LIMIT,149.94,2000,32,1073
1764298684661,AAPL,SELL,LIMIT,149.93,1000,33,1002
1764298684669,AAPL,BUY,LIMIT,149.81,5000,34,1062
1764298684712,AAPL,SELL,LIMIT,149.87,5000,35,1057
1764298684755,AAPL,BUY,LIMIT,149.74,5000,36,1056
1764298684810,AAPL,SELL,LIMIT,149.95,500,37,1018
1764298684815,AAPL,BUY,LIMIT,149.82,5000,38,1010
1764298684851,AAPL,SELL,LIMIT,150.01,1000,39,1008
1764298684887,AAPL,BUY,LIMIT,149.82,2000,40,1056
1764298684961,AAPL,SELL,LIMIT,149.96,2000,41,1021
1764298685039,AAPL,SELL,LIMIT,149.91,5000,42,1029
1764298685098,AAPL,BUY,LIMIT,149.87,100,43,1059
1764298685193,AAPL,SELL,LIMIT,149.95,1000,44,1030
1764298685237,AAPL,BUY,LIMIT,149.76,500,45,1059
1764298685271,AAPL,BUY,LIMIT,149.77,500,46,1018
1764298685285,AAPL,SELL,MARKET,0.0,200,47,1004
1764298685292,AAPL,BUY,MARKET,0.0,200,48,1087
1764298685379,AAPL,SELL,LIMIT,149.94,200,49,1097
1764298685392,AAPL,SELL,LIMIT,149.93,2000,50,1011
1764298685410,AAPL,SELL,LIMIT,149.97,100,51,1043
1764298685453,AAPL,SELL,MARKET,0.0,2000,52,1098
1764298685531,AAPL,BUY,LIMIT,149.75,2000,53,1042
1764298685545,AAPL,SELL,LIMIT,149.89,500,54,1093
1764298685596,AAPL,SELL,LIMIT,149.82,2000,55,1036
1764298685607,AAPL,SELL,LIMIT,149.78,200,56,1099
1764298685615,AAPL,SELL,LIMIT,149.75,2000,57,1009
1764298685685,AAPL,SELL,LIMIT,149.72,100,58,1049
1764298685712,AAPL,SELL,LIMIT,149.81,2000,59,1100
1764298685770,AAPL,BUY,LIMIT,149.82,200,60,1039
1764298685865,AAPL,SELL,LIMIT,149.99,5000,61,1099
1764298685912,AAPL,SELL,LIMIT,149.99,1000,62,1026
1764298685920,AAPL,SELL,LIMIT,150.02,100,63,1003
1764298685952,AAPL,SELL,LIMIT,149.99,500,64,1072
1764298686051,AAPL,SELL,LIMIT,149.91,100,65,1080
1764298686106,AAPL,BUY,MARKET,0.0,1000,66,1059
1764298686206,AAPL,SELL,MARKET,0.0,200,67,1055
1764298686241,AAPL,BUY,LIMIT,149.71,100,68,1022
1764298686327,AAPL,SELL,LIMIT,149.8,100,69,1012
1764298686378,AAPL,SELL,MARKET,0.0,100,70,1037
1764298686433,AAPL,BUY,MARKET,0.0,5000,71,1060
1764298686469,AAPL,SELL,LIMIT,149.88,100,72,1040
1764298686531,AAPL,SELL,MARKET,0.0,200,73,1035
1764298686597,AAPL,BUY,MARKET,0.0,100,74,1093
1764298686673,AAPL,BUY,LIMIT,149.77,2000,75,1017
1764298686765,AAPL,BUY,MARKET,0.0,5000,76,1033
1764298686848,AAPL,SELL,LIMIT,149.84,500,77,1062
1764298686866,AAPL,SELL,MARKET,0.0,100,78,1034
1764298686907,AAPL,BUY,LIMIT,149.69,1000,79,1048
1764298686997,AAPL,SELL,LIMIT,149.92,5000,80,1073
1764298687001,AAPL,SELL,LIMIT,149.95,2000,81,1080
1764298687098,AAPL,SELL,LIMIT,149.87,500,82,1051
1764298687102,AAPL,BUY,MARKET,0.0,200,83,1052
1764298687173,AAPL,BUY,LIMIT,149.68,5000,84,1033
1764298687207,AAPL,BUY,LIMIT,149.76,5000,85,1082
1764298687217,AAPL,BUY,LIMIT,149.7,100,86,1002
1764298687284,AAPL,BUY,MARKET,0.0,2000,87,1072
1764298687288,AAPL,SELL,LIMIT,149.78,500,88,1001
1764298687324,AAPL,BUY,LIMIT,149.72,200,89,1023
1764298687400,AAPL,BUY,LIMIT,149.67,200,90,1008
1764298687475,AAPL,SELL,LIMIT,149.84,500,91,1071
1764298687513,AAPL,BUY,LIMIT,149.67,500,92,1070
1764298687533,AAPL,SELL,MARKET,0.0,200,93,1037
1764298687542,AAPL,BUY,LIMIT,149.6,200,94,1022
1764298687565,AAPL,BUY,LIMIT,149.68,100,95,1006
1764298687595,AAPL,BUY,LIMIT,149.67,500,96,1011
1764298687692,AAPL,SELL,LIMIT,149.75,1000,97,1042
1764298687778,AAPL,BUY,LIMIT,149.67,1000,98,1047
1764298687828,AAPL,SELL,LIMIT,149.83,2000,99,1071
1764298687874,AAPL,SELL,LIMIT,149.87,1000,100,1003
1764298687961,AAPL,SELL,MARKET,0.0,1000,101,1094
1764298687974,AAPL,SELL,LIMIT,149.8,500,102,1099
1764298687988,AAPL,SELL,LIMIT,149.83,200,103,1000
1764298688073,AAPL,SELL,LIMIT,149.77,100,104,1068
1764298688100,AAPL,SELL,MARKET,0.0,1000,105,1075
1764298688156,AAPL,SELL,LIMIT,149.75,200,106,1062
1764298688167,AAPL,BUY,LIMIT,149.65,5000,107,1041
1764298688248,AAPL,SELL,LIMIT,149.75,200,108,1030
1764298688249,AAPL,BUY,LIMIT,149.78,100,109,1044
1764298688313,AAPL,SELL,LIMIT,149.91,1000,110,1060
1764298688328,AAPL,SELL,LIMIT,149.91,1000,111,1081
1764298688373,AAPL,BUY,LIMIT,149.87,500,112,1067
1764298688410,AAPL,BUY,LIMIT,149.79,1000,113,1085
1764298688471,AAPL,SELL,MARKET,0.0,5000,114,1096
1764298688569,AAPL,BUY,LIMIT,149.69,2000,115,1064
1764298688634,AAPL,BUY,LIMIT,149.72,100,116,1098
1764298688716,AAPL,BUY,LIMIT,149.82,500,117,1095
1764298688757,AAPL,BUY,LIMIT,149.91,500,118,1025
1764298688800,AAPL,SELL,LIMIT,150.01,500,119,1007
1764298688849,AAPL,SELL,MARKET,0.0,500,120,1036
1764298688877,AAPL,SELL,LIMIT,149.97,500,121,1084
1764298688940,AAPL,SELL,LIMIT,149.89,500,122,1011
1764298688943,AAPL,BUY,LIMIT,149.84,5000,123,1019
1764298688948,AAPL,SELL,LIMIT,149.94,5000,124,1070
1764298689039,AAPL,SELL,LIMIT,149.91,5000,125,1019
1764298689138,AAPL,BUY,LIMIT,149.81,200,126,1038
1764298689170,AAPL,BUY,LIMIT,149.75,1000,127,1100
1764298689257,AAPL,SELL,MARKET,0.0,100,128,1022
1764298689276,AAPL,BUY,LIMIT,149.72,100,129,1008
1764298689282,AAPL,SELL,LIMIT,149.9,2000,130,1089
1764298689288,AAPL,BUY,LIMIT,149.84,100,131,1066
1764298689328,AAPL,SELL,LIMIT,149.89,2000,132,1044
1764298689341,AAPL,SELL,LIMIT,149.83,5000,133,1092
1764298689426,AAPL,BUY,MARKET,0.0,5000,134,1091
1764298689462,AAPL,SELL,LIMIT,149.77,5000,135,1019
1764298689472,AAPL,BUY,LIMIT,149.55,5000,136,1014
1764298689486,AAPL,SELL,MARKET,0.0,500,137,1077
1764298689505,AAPL,BUY,LIMIT,149.55,100,138,1016
1764298689530,AAPL,SELL,LIMIT,149.69,1000,139,1092
1764298689618,AAPL,BUY,LIMIT,149.6,200,140,1046
1764298689665,AAPL,BUY,MARKET,0.0,2000,141,1001
1764298689675,AAPL,BUY,LIMIT,149.61,200,142,1003
1764298689710,AAPL,SELL,LIMIT,149.82,2000,143,1055
1764298689756,AAPL,BUY,LIMIT,149.69,200,144,1026
1764298689852,AAPL,SELL,LIMIT,149.76,5000,145,1050
1764298689882,AAPL,BUY,LIMIT,149.71,1000,146,1020
1764298689903,AAPL,SELL,LIMIT,149.92,5000,147,1021
1764298689958,AAPL,BUY,LIMIT,149.85,100,148,1070
1764298689963,AAPL,BUY,LIMIT,149.86,200,149,1031
1764298690019,AAPL,SELL,LIMIT,149.95,1000,150,1028
1764298690075,AAPL,BUY,LIMIT,149.93,500,151,1065
1764298690110,AAPL,BUY,LIMIT,149.96,1000,152,1025
1764298690118,AAPL,BUY,LIMIT,149.92,200,153,1061
1764298690186,AAPL,BUY,MARKET,0.0,5000,154,1029
1764298690232,AAPL,BUY,LIMIT,150.05,200,155,1026
1764298690258,AAPL,SELL,MARKET,0.0,2000,156,1090
1764298690300,AAPL,BUY,LIMIT,149.97,1000,157,1070
1764298690386,AAPL,BUY,MARKET,0.0,1000,158,1039
1764298690451,AAPL,SELL,LIMIT,150.11,2000,159,1013
1764298690540,AAPL,SELL,MARKET,0.0,2000,160,1013
1764298690579,AAPL,BUY,LIMIT,149.98,1000,161,1066
1764298690643,AAPL,BUY,LIMIT,149.98,500,162,1077
1764298690689,AAPL,SELL,MARKET,0.0,200,163,1023
1764298690697,AAPL,SELL,LIMIT,150.07,1000,164,1020
1764298690726,AAPL,SELL,LIMIT,150.0,200,165,1000
1764298690822,AAPL,SELL,MARKET,0.0,5000,166,1100
1764298690855,AAPL,BUY,LIMIT,150.09,5000,167,1046
1764298690940,AAPL,BUY,MARKET,0.0,5000,168,1062
1764298690957,AAPL,SELL,LIMIT,150.17,500,169,1043
1764298691029,AAPL,BUY,LIMIT,150.06,2000,170,1007
1764298691053,AAPL,BUY,LIMIT,150.08,100,171,1091
1764298691097,AAPL,SELL,LIMIT,150.16,100,172,1029
1764298691156,AAPL,SELL,MARKET,0.0,100,173,1088
1764298691207,AAPL,BUY,LIMIT,150.06,1000,174,1036
1764298691257,AAPL,BUY,LIMIT,150.04,200,175,1059
1764298691293,AAPL,BUY,LIMIT,150.04,200,176,1062
1764298691298,AAPL,SELL,LIMIT,150.27,2000,177,1099
1764298691385,AAPL,BUY,LIMIT,150.06,5000,178,1071
1764298691388,AAPL,SELL,LIMIT,150.05,2000,179,1086
1764298691432,AAPL,BUY,MARKET,0.0,500,180,1021
1764298691441,AAPL,SELL,LIMIT,150.12,100,181,1003
1764298691539,AAPL,BUY,LIMIT,149.99,100,182,1088
1764298691628,AAPL,BUY,LIMIT,150.0,2000,183,1089
1764298691713,AAPL,BUY,LIMIT,150.08,5000,184,1045
1764298691795,AAPL,SELL,LIMIT,150.22,200,185,1016
1764298691853,AAPL,SELL,LIMIT,150.24,2000,186,1095
1764298691891,AAPL,SELL,MARKET,0.0,100,187,1003
1764298691932,AAPL,BUY,LIMIT,150.15,100,188,1089
1764298692011,AAPL,BUY,LIMIT,150.17,1000,189,1015
1764298692051,AAPL,SELL,MARKET,0.0,2000,190,1028
1764298692057,AAPL,SELL,LIMIT,150.32,100,191,1064
1764298692107,AAPL,SELL,MARKET,0.0,1000,192,1018
1764298692114,AAPL,BUY,LIMIT,150.09,100,193,1030
1764298692198,AAPL,SELL,LIMIT,150.17,500,194,1078
1764298692252,AAPL,SELL,LIMIT,150.2,100,195,1023
1764298692255,AAPL,BUY,LIMIT,150.17,100,196,1036
1764298692289,AAPL,BUY,LIMIT,150.14,5000,197,1005
1764298692346,AAPL,BUY,LIMIT,150.04,5000,198,1049
1764298692358,AAPL,BUY,LIMIT,150.09,200,199,1049
1764298692362,AAPL,BUY,LIMIT,150.05,100,200,1074
1764298692432,AAPL,BUY,MARKET,0.0,2000,201,1027
1764298692524,AAPL,BUY,LIMIT,150.13,500,202,1068
1764298692525,AAPL,BUY,MARKET,0.0,200,203,1078
1764298692577,AAPL,SELL,LIMIT,150.25,1000,204,1068
1764298692609,AAPL,SELL,LIMIT,150.34,500,205,1040
1764298692651,AAPL,SELL,LIMIT,150.34,100,206,1081
1764298692662,AAPL,BUY,LIMIT,150.15,1000,207,1020
1764298692709,AAPL,SELL,LIMIT,150.26,500,208,1020
1764298692795,AAPL,BUY,LIMIT,150.15,5000,209,1042
1764298692827,AAPL,SELL,LIMIT,150.28,1000,210,1074
1764298692871,AAPL,BUY,MARKET,0.0,100,211,1014
1764298692941,AAPL,SELL,LIMIT,150.33,5000,212,1003
1764298693028,AAPL,SELL,MARKET,0.0,100,213,1052
1764298693060,AAPL,SELL,LIMIT,150.36,5000,214,1032
1764298693137,AAPL,BUY,LIMIT,150.36,2000,215,1016
1764298693173,AAPL,BUY,LIMIT,150.36,500,216,1075
1764298693265,AAPL,BUY,LIMIT,150.33,1000,217,1003
1764298693312,AAPL,BUY,LIMIT,150.29,1000,218,1064
1764298693316,AAPL,BUY,MARKET,0.0,1000,219,1060
1764298693324,AAPL,BUY,LIMIT,150.24,1000,220,1054
1764298693422,AAPL,SELL,LIMIT,150.39,100,221,1034
1764298693464,AAPL,SELL,LIMIT,150.35,200,222,1069
1764298693498,AAPL,SELL,LIMIT,150.31,100,223,1068
1764298693541,AAPL,SELL,LIMIT,150.42,500,224,1032
1764298693607,AAPL,BUY,LIMIT,150.37,2000,225,1079
1764298693609,AAPL,SELL,LIMIT,150.49,500,226,1085
1764298693626,AAPL,BUY,LIMIT,150.34,500,227,1072
1764298693664,AAPL,BUY,LIMIT,150.3,500,228,1053
1764298693727,AAPL,SELL,LIMIT,150.4,500,229,1093
1764298693800,AAPL,BUY,LIMIT,150.27,100,230,1085
1764298693866,AAPL,SELL,LIMIT,150.38,2000,231,1076
1764298693882,AAPL,SELL,LIMIT,150.24,5000,232,1007
1764298693980,AAPL,SELL,LIMIT,150.32,500,233,1075
1764298694023,AAPL,BUY,LIMIT,150.16,1000,234,1056
1764298694083,AAPL,SELL,LIMIT,150.21,100,235,1080
1764298694129,AAPL,BUY,LIMIT,150.04,200,236,1010
1764298694164,AAPL,SELL,LIMIT,150.1,500,237,1025
1764298694184,AAPL,SELL,LIMIT,150.08,200,238,1035
1764298694232,AAPL,BUY,LIMIT,150.05,2000,239,1024
1764298694247,AAPL,BUY,LIMIT,149.98,5000,240,1081
1764298694274,AAPL,SELL,MARKET,0.0,200,241,1035
1764298694342,AAPL,SELL,LIMIT,150.15,1000,242,1034
1764298694371,AAPL,SELL,MARKET,0.0,200,243,1012
1764298694426,AAPL,BUY,LIMIT,150.16,2000,244,1019
1764298694442,AAPL,SELL,LIMIT,150.34,500,245,1066
1764298694500,AAPL,SELL,LIMIT,150.38,500,246,1072
1764298694569,AAPL,SELL,MARKET,0.0,100,247,1009
1764298694613,AAPL,SELL,LIMIT,150.34,5000,248,1006
1764298694696,AAPL,SELL,LIMIT,150.44,200,249,1077
1764298694756,AAPL,SELL,LIMIT,150.29,200,250,1061
1764298694793,AAPL,BUY,LIMIT,150.2,1000,251,1017
1764298694816,AAPL,BUY,LIMIT,150.14,100,252,1017
1764298694884,AAPL,SELL,MARKET,0.0,1000,253,1098
1764298694915,AAPL,SELL,LIMIT,150.51,5000,254,1096
1764298694925,AAPL,BUY,LIMIT,150.38,500,255,1090
1764298694933,AAPL,BUY,LIMIT,150.3,1000,256,1042
1764298694999,AAPL,BUY,LIMIT,150.43,5000,257,1008
1764298695057,AAPL,BUY,LIMIT,150.34,100,258,1073
1764298695151,AAPL,SELL,MARKET,0.0,1000,259,1084
1764298695160,AAPL,SELL,LIMIT,150.48,200,260,1041
1764298695258,AAPL,SELL,LIMIT,150.49,100,261,1008
1764298695356,AAPL,BUY,MARKET,0.0,1000,262,1053
1764298695390,AAPL,SELL,MARKET,0.0,2000,263,1008
1764298695421,AAPL,SELL,LIMIT,150.66,500,264,1012
1764298695511,AAPL,BUY,LIMIT,150.55,200,265,1047
1764298695517,AAPL,SELL,LIMIT,150.78,2000,266,1064
1764298695543,AAPL,BUY,LIMIT,150.65,200,267,1084
1764298695631,AAPL,SELL,LIMIT,150.64,100,268,1029
1764298695635,AAPL,BUY,MARKET,0.0,200,269,1075
1764298695726,AAPL,BUY,MARKET,0.0,100,270,1016
1764298695780,AAPL,BUY,LIMIT,150.63,200,271,1053
1764298695821,AAPL,BUY,LIMIT,150.65,500,272,1040
1764298695911,AAPL,SELL,LIMIT,150.67,500,273,1072
1764298695928,AAPL,BUY,LIMIT,150.57,500,274,1014
1764298695929,AAPL,SELL,LIMIT,150.65,2000,275,1037
1764298695963,AAPL,BUY,LIMIT,150.54,100,276,1027
1764298695964,AAPL,BUY,LIMIT,150.51,5000,277,1072
1764298695989,AAPL,SELL,LIMIT,150.55,500,278,1086
1764298696033,AAPL,BUY,LIMIT,150.53,500,279,1019
1764298696040,AAPL,SELL,LIMIT,150.71,5000,280,1057
1764298696093,AAPL,BUY,LIMIT,150.59,2000,281,1097
1764298696180,AAPL,SELL,LIMIT,150.73,200,282,1010
1764298696208,AAPL,BUY,LIMIT,150.49,100,283,1051
1764298696297,AAPL,BUY,MARKET,0.0,100,284,1021
1764298696381,AAPL,SELL,MARKET,0.0,1000,285,1029
1764298696444,AAPL,BUY,LIMIT,150.46,5000,286,1089
1764298696475,AAPL,BUY,MARKET,0.0,5000,287,1007
1764298696492,AAPL,BUY,LIMIT,150.4,5000,288,1081
1764298696538,AAPL,BUY,LIMIT,150.3,100,289,1038
1764298696598,AAPL,BUY,LIMIT,150.37,2000,290,1008
1764298696615,AAPL,BUY,MARKET,0.0,200,291,1072
1764298696633,AAPL,SELL,LIMIT,150.46,1000,292,1064
1764298696707,AAPL,BUY,LIMIT,150.31,5000,293,1090
1764298696805,AAPL,SELL,LIMIT,150.47,200,294,1060
1764298696832,AAPL,SELL,LIMIT,150.46,5000,295,1019
1764298696910,AAPL,SELL,LIMIT,150.55,5000,296,1041
1764298696990,AAPL,BUY,LIMIT,150.33,100,297,1086
1764298697030,AAPL,BUY,LIMIT,150.39,500,298,1090
1764298697100,AAPL,SELL,LIMIT,150.57,200,299,1077
1764298697109,AAPL,BUY,LIMIT,150.37,1000,300,1051
1764298697116,AAPL,SELL,LIMIT,150.53,500,301,1025
1764298697207,AAPL,SELL,MARKET,0.0,100,302,1072
1764298697231,AAPL,BUY,LIMIT,150.48,5000,303,1070
1764298697304,AAPL,BUY,LIMIT,150.31,1000,304,1021
1764298697307,AAPL,SELL,LIMIT,150.41,200,305,1027
1764298697324,AAPL,BUY,LIMIT,150.24,2000,306,1028
1764298697359,AAPL,BUY,LIMIT,150.28,1000,307,1058
1764298697438,AAPL,SELL,LIMIT,150.36,1000,308,1029
1764298697538,AAPL,BUY,LIMIT,150.38,5000,309,1065
1764298697567,AAPL,BUY,LIMIT,150.29,1000,310,1051
1764298697631,AAPL,SELL,LIMIT,150.38,100,311,1028
1764298697725,AAPL,BUY,LIMIT,150.36,1000,312,1053
1764298697753,AAPL,SELL,LIMIT,150.52,100,313,1085
1764298697840,AAPL,BUY,LIMIT,150.49,5000,314,1038
1764298697882,AAPL,SELL,LIMIT,150.53,500,315,1011
1764298697906,AAPL,SELL,LIMIT,150.49,5000,316,1041
1764298697956,AAPL,SELL,LIMIT,150.48,5000,317,1072
1764298697978,AAPL,BUY,LIMIT,150.29,5000,318,1033
1764298698022,AAPL,SELL,LIMIT,150.38,5000,319,1089
1764298698091,AAPL,BUY,LIMIT,150.31,100,320,1050
1764298698125,AAPL,BUY,MARKET,0.0,500,321,1048
1764298698143,AAPL,BUY,MARKET,0.0,500,322,1061
1764298698189,AAPL,SELL,LIMIT,150.4,5000,323,1090
1764298698248,AAPL,BUY,LIMIT,150.42,200,324,1050
1764298698275,AAPL,SELL,MARKET,0.0,5000,325,1057
1764298698330,AAPL,SELL,LIMIT,150.51,2000,326,1015
1764298698367,AAPL,BUY,LIMIT,150.36,500,327,1033
1764298698452,AAPL,SELL,LIMIT,150.41,1000,328,1073
1764298698551,AAPL,BUY,LIMIT,150.21,5000,329,1038
1764298698585,AAPL,SELL,MARKET,0.0,500,330,1022
1764298698666,AAPL,SELL,MARKET,0.0,100,331,1080
1764298698681,AAPL,BUY,MARKET,0.0,5000,332,1021
1764298698710,AAPL,BUY,LIMIT,150.17,500,333,1083
1764298698804,AAPL,BUY,LIMIT,150.13,100,334,1091
1764298698896,AAPL,SELL,LIMIT,150.4,2000,335,1092
1764298698922,AAPL,SELL,LIMIT,150.41,100,336,1082
1764298698992,AAPL,BUY,MARKET,0.0,2000,337,1077
1764298699040,AAPL,SELL,MARKET,0.0,5000,338,1057
1764298699081,AAPL,SELL,LIMIT,150.4,100,339,1082
1764298699180,AAPL,BUY,LIMIT,150.23,100,340,1094
1764298699207,AAPL,BUY,LIMIT,150.25,200,341,1026
1764298699244,AAPL,SELL,LIMIT,150.37,5000,342,1022
1764298699293,AAPL,SELL,LIMIT,150.29,500,343,1038
1764298699385,AAPL,SELL,MARKET,0.0,5000,344,1008
1764298699469,AAPL,BUY,LIMIT,150.13,2000,345,1019
1764298699542,AAPL,SELL,LIMIT,150.21,5000,346,1096
1764298699592,AAPL,SELL,LIMIT,150.15,2000,347,1084
1764298699643,AAPL,SELL,MARKET,0.0,1000,348,1022
1764298699694,AAPL,BUY,LIMIT,150.07,500,349,1078
1764298699745,AAPL,BUY,LIMIT,150.08,500,350,1008
1764298699840,AAPL,BUY,LIMIT,150.15,1000,351,1063
1764298699925,AAPL,SELL,LIMIT,150.19,2000,352,1072
1764298699937,AAPL,SELL,LIMIT,150.25,200,353,1067
1764298699997,AAPL,SELL,LIMIT,150.31,100,354,1095
1764298700095,AAPL,SELL,MARKET,0.0,100,355,1056
1764298700135,AAPL,BUY,LIMIT,150.27,5000,356,1060
1764298700193,AAPL,SELL,LIMIT,150.43,500,357,1014
1764298700217,AAPL,BUY,MARKET,0.0,200,358,1088
1764298700256,AAPL,SELL,LIMIT,150.45,2000,359,1090
1764298700301,AAPL,BUY,LIMIT,150.29,100,360,1096
1764298700397,AAPL,SELL,LIMIT,150.46,1000,361,1087
1764298700450,AAPL,SELL,LIMIT,150.51,1000,362,1002
1764298700475,AAPL,BUY,LIMIT,150.39,200,363,1022
1764298700491,AAPL,SELL,LIMIT,150.42,500,364,1022
1764298700573,AAPL,SELL,LIMIT,150.5,200,365,1030
1764298700604,AAPL,SELL,LIMIT,150.45,100,366,1057
1764298700625,AAPL,SELL,LIMIT,150.4,500,367,1026
1764298700691,AAPL,SELL,LIMIT,150.36,1000,368,1046
1764298700768,AAPL,SELL,LIMIT,150.39,500,369,1048
1764298700864,AAPL,SELL,LIMIT,150.47,5000,370,1089
1764298700929,AAPL,SELL,LIMIT,150.44,5000,371,1076
1764298700969,AAPL,BUY,LIMIT,150.36,100,372,1072
1764298701009,AAPL,SELL,LIMIT,150.55,200,373,1054
1764298701012,AAPL,BUY,LIMIT,150.46,1000,374,1079
1764298701025,AAPL,SELL,LIMIT,150.66,1000,375,1036
1764298701094,AAPL,BUY,MARKET,0.0,100,376,1089
1764298701114,AAPL,BUY,LIMIT,150.4,100,377,1071
1764298701128,AAPL,SELL,LIMIT,150.53,1000,378,1041
1764298701223,AAPL,BUY,MARKET,0.0,1000,379,1062
1764298701292,AAPL,BUY,LIMIT,150.3,1000,380,1041
1764298701339,AAPL,SELL,MARKET,0.0,5000,381,1000
1764298701376,AAPL,BUY,LIMIT,150.28,1000,382,1087
1764298701422,AAPL,SELL,LIMIT,150.34,2000,383,1034
1764298701463,AAPL,BUY,MARKET,0.0,5000,384,1018
1764298701544,AAPL,SELL,LIMIT,150.35,200,385,1052
1764298701609,AAPL,BUY,LIMIT,150.19,1000,386,1100
1764298701654,AAPL,BUY,LIMIT,150.08,100,387,1066
1764298701672,AAPL,BUY,MARKET,0.0,200,388,1100
1764298701754,AAPL,SELL,LIMIT,150.17,200,389,1094
1764298701772,AAPL,SELL,LIMIT,150.07,1000,390,1078
1764298701837,AAPL,SELL,LIMIT,150.01,100,391,1001
1764298701935,AAPL,SELL,LIMIT,150.16,200,392,1059
1764298702024,AAPL,SELL,LIMIT,150.09,200,393,1053
1764298702025,AAPL,BUY,LIMIT,149.95,5000,394,1015
1764298702057,AAPL,SELL,LIMIT,150.12,100,395,1001
1764298702119,AAPL,SELL,LIMIT,150.1,5000,396,1004
1764298702216,AAPL,SELL,LIMIT,150.18,5000,397,1080
1764298702312,AAPL,SELL,LIMIT,150.2,1000,398,1052
1764298702349,AAPL,SELL,LIMIT,150.14,5000,399,1035
1764298702359,AAPL,BUY,MARKET,0.0,1000,400,1046
1764298702420,AAPL,BUY,LIMIT,150.05,5000,401,1063
1764298702465,AAPL,SELL,LIMIT,150.23,5000,402,1012
1764298702482,AAPL,BUY,LIMIT,150.1,500,403,1060
1764298702484,AAPL,BUY,LIMIT,150.13,2000,404,1044
1764298702563,AAPL,BUY,LIMIT,149.97,5000,405,1036
1764298702598,AAPL,BUY,LIMIT,150.01,2000,406,1041
1764298702616,AAPL,SELL,MARKET,0.0,200,407,1064
1764298702672,AAPL,BUY,LIMIT,149.9,1000,408,1056
1764298702724,AAPL,SELL,LIMIT,150.1,2000,409,1064
1764298702774,AAPL,BUY,LIMIT,150.04,5000,410,1095
1764298702863,AAPL,BUY,LIMIT,150.03,100,411,1003
1764298702963,AAPL,BUY,LIMIT,150.17,200,412,1033
1764298702989,AAPL,BUY,LIMIT,150.18,1000,413,1098
1764298703066,AAPL,BUY,MARKET,0.0,500,414,1006
1764298703125,AAPL,SELL,LIMIT,150.41,1000,415,1033
1764298703215,AAPL,BUY,LIMIT,150.34,500,416,1038
1764298703299,AAPL,SELL,LIMIT,150.43,1000,417,1016
1764298703334,AAPL,SELL,LIMIT,150.34,1000,418,1094
1764298703423,AAPL,SELL,MARKET,0.0,500,419,1052
1764298703512,AAPL,BUY,LIMIT,150.13,2000,420,1062
1764298703605,AAPL,BUY,MARKET,0.0,2000,421,1034
1764298703677,AAPL,SELL,LIMIT,150.35,2000,422,1068
1764298703721,AAPL,BUY,LIMIT,150.28,5000,423,1071
1764298703756,AAPL,BUY,MARKET,0.0,1000,424,1013
1764298703761,AAPL,BUY,MARKET,0.0,5000,425,1031
1764298703769,AAPL,SELL,LIMIT,150.31,5000,426,1084
1764298703802,AAPL,SELL,LIMIT,150.35,200,427,1085
1764298703875,AAPL,SELL,LIMIT,150.28,500,428,1056
1764298703909,AAPL,SELL,LIMIT,150.19,5000,429,1041
1764298703964,AAPL,SELL,LIMIT,150.31,100,430,1070
1764298704040,AAPL,SELL,LIMIT,150.24,2000,431,1029
1764298704089,AAPL,BUY,LIMIT,150.03,500,432,1012
1764298704173,AAPL,BUY,LIMIT,150.08,2000,433,1039
1764298704254,AAPL,SELL,LIMIT,150.21,500,434,1047
1764298704337,AAPL,SELL,MARKET,0.0,2000,435,1082
1764298704392,AAPL,SELL,LIMIT,150.15,100,436,1097
1764298704425,AAPL,SELL,LIMIT,150.1,1000,437,1066
1764298704475,AAPL,BUY,MARKET,0.0,2000,438,1039
1764298704513,AAPL,SELL,LIMIT,150.03,200,439,1028
1764298704600,AAPL,SELL,LIMIT,150.03,200,440,1056
1764298704605,AAPL,SELL,LIMIT,150.02,200,441,1036
1764298704700,AAPL,SELL,LIMIT,150.09,1000,442,1089
1764298704774,AAPL,BUY,MARKET,0.0,500,443,1030
1764298704853,AAPL,SELL,LIMIT,150.14,500,444,1043
1764298704939,AAPL,SELL,LIMIT,150.11,500,445,1017
1764298704994,AAPL,BUY,LIMIT,150.1,100,446,1088
1764298705081,AAPL,BUY,LIMIT,150.09,2000,447,1068
1764298705153,AAPL,SELL,LIMIT,150.3,1000,448,1072
1764298705253,AAPL,BUY,LIMIT,150.28,2000,449,1064
1764298705302,AAPL,BUY,LIMIT,150.25,200,450,1064
1764298705321,AAPL,BUY,MARKET,0.0,500,451,1015
1764298705384,AAPL,SELL,LIMIT,150.27,2000,452,1011
1764298705456,AAPL,SELL,MARKET,0.0,1000,453,1016
1764298705493,AAPL,SELL,LIMIT,150.18,500,454,1043
1764298705532,AAPL,BUY,MARKET,0.0,100,455,1044
1764298705626,AAPL,SELL,LIMIT,150.22,500,456,1051
1764298705633,AAPL,BUY,LIMIT,150.09,200,457,1100
1764298705641,AAPL,SELL,LIMIT,150.25,5000,458,1004
1764298705712,AAPL,BUY,MARKET,0.0,500,459,1017
1764298705775,AAPL,BUY,LIMIT,150.27,500,460,1038
1764298705776,AAPL,SELL,LIMIT,150.39,200,461,1065
1764298705827,AAPL,BUY,MARKET,0.0,5000,462,1007
1764298705868,AAPL,BUY,LIMIT,150.33,500,463,1075
1764298705876,AAPL,BUY,LIMIT,150.45,1000,464,1005
1764298705933,AAPL,SELL,MARKET,0.0,2000,465,1057
1764298705984,AAPL,BUY,LIMIT,150.31,100,466,1059
1764298706053,AAPL,BUY,LIMIT,150.31,5000,467,1018
1764298706097,AAPL,BUY,LIMIT,150.32,5000,468,1046
1764298706195,AAPL,SELL,LIMIT,150.52,2000,469,1003
1764298706198,AAPL,BUY,LIMIT,150.41,1000,470,1038
1764298706276,AAPL,BUY,LIMIT,150.43,200,471,1052
1764298706360,AAPL,BUY,LIMIT,150.37,200,472,1008
1764298706440,AAPL,SELL,LIMIT,150.56,1000,473,1046
1764298706486,AAPL,SELL,LIMIT,150.7,200,474,1000
1764298706497,AAPL,SELL,MARKET,0.0,2000,475,1080
1764298706595,AAPL,BUY,LIMIT,150.42,1000,476,1079
1764298706667,AAPL,BUY,MARKET,0.0,5000,477,1084
1764298706684,AAPL,BUY,LIMIT,150.36,5000,478,1006
1764298706746,AAPL,SELL,LIMIT,150.43,2000,479,1006
1764298706838,AAPL,BUY,LIMIT,150.29,5000,480,1042
1764298706905,AAPL,BUY,MARKET,0.0,1000,481,1032
1764298706985,AAPL,BUY,MARKET,0.0,200,482,1011
1764298707049,AAPL,BUY,LIMIT,150.43,100,483,1074
1764298707144,AAPL,SELL,LIMIT,150.66,500,484,1017
1764298707184,AAPL,SELL,MARKET,0.0,1000,485,1006
1764298707195,AAPL,BUY,LIMIT,150.54,5000,486,1008
1764298707243,AAPL,BUY,LIMIT,150.59,1000,487,1083
1764298707341,AAPL,BUY,LIMIT,150.6,100,488,1041
1764298707438,AAPL,SELL,LIMIT,150.6,1000,489,1045
1764298707482,AAPL,SELL,MARKET,0.0,200,490,1074
1764298707539,AAPL,BUY,LIMIT,150.63,1000,491,1006
1764298707612,AAPL,BUY,LIMIT,150.64,5000,492,1055
1764298707706,AAPL,BUY,LIMIT,150.63,200,493,1057
1764298707747,AAPL,SELL,LIMIT,150.74,500,494,1038
1764298707791,AAPL,BUY,MARKET,0.0,1000,495,1067
1764298707824,AAPL,SELL,LIMIT,150.85,1000,496,1072
1764298707897,AAPL,SELL,MARKET,0.0,500,497,1000
1764298707979,AAPL,BUY,LIMIT,150.65,1000,498,1086
1764298708059,AAPL,SELL,LIMIT,150.79,200,499,1082
1764298708080,AAPL,SELL,LIMIT,150.83,2000,500,1028
1764298708114,AAPL,BUY,LIMIT,150.8,200,501,1031
1764298708133,AAPL,SELL,LIMIT,150.87,5000,502,1098
1764298708194,AAPL,SELL,LIMIT,150.89,100,503,1095
1764298708291,AAPL,BUY,LIMIT,150.79,5000,504,1002
1764298708370,AAPL,BUY,LIMIT,150.75,1000,505,1032
1764298708413,AAPL,SELL,LIMIT,150.77,100,506,1034
1764298708419,AAPL,SELL,LIMIT,150.83,1000,507,1039
1764298708472,AAPL,BUY,MARKET,0.0,500,508,1096
1764298708530,AAPL,BUY,MARKET,0.0,100,509,1030
1764298708609,AAPL,BUY,LIMIT,150.84,200,510,1089
1764298708701,AAPL,BUY,LIMIT,150.9,5000,511,1088
1764298708718,AAPL,BUY,LIMIT,150.85,200,512,1024
1764298708786,AAPL,SELL,MARKET,0.0,500,513,1045
1764298708817,AAPL,SELL,LIMIT,150.98,1000,514,1074
1764298708819,AAPL,BUY,LIMIT,150.88,5000,515,1014
1764298708862,AAPL,SELL,MARKET,0.0,5000,516,1022
1764298708909,AAPL,BUY,LIMIT,150.67,200,517,1069
1764298708987,AAPL,SELL,LIMIT,150.83,1000,518,1058
1764298709040,AAPL,BUY,LIMIT,150.62,2000,519,1062
1764298709133,AAPL,BUY,LIMIT,150.62,500,520,1009
1764298709224,AAPL,BUY,LIMIT,150.69,2000,521,1040
1764298709239,AAPL,SELL,MARKET,0.0,5000,522,1084
1764298709268,AAPL,SELL,LIMIT,150.89,200,523,1075
1764298709344,AAPL,BUY,LIMIT,150.81,200,524,1001
1764298709442,AAPL,SELL,LIMIT,150.97,500,525,1042
1764298709494,AAPL,BUY,LIMIT,150.94,500,526,1025
1764298709593,AAPL,SELL,LIMIT,151.06,1000,527,1066
1764298709678,AAPL,SELL,LIMIT,151.12,200,528,1070
1764298709739,AAPL,BUY,LIMIT,151.08,2000,529,1067
1764298709817,AAPL,BUY,LIMIT,151.11,5000,530,1074
1764298709888,AAPL,BUY,LIMIT,151.1,2000,531,1096
1764298709984,AAPL,BUY,LIMIT,151.14,2000,532,1037
1764298710058,AAPL,BUY,LIMIT,151.15,500,533,1043
1764298710089,AAPL,BUY,LIMIT,151.02,5000,534,1039
1764298710144,AAPL,SELL,LIMIT,151.24,100,535,1066
1764298710209,AAPL,SELL,LIMIT,151.34,200,536,1089
1764298710217,AAPL,SELL,MARKET,0.0,2000,537,1061
1764298710296,AAPL,BUY,MARKET,0.0,2000,538,1026
1764298710307,AAPL,BUY,LIMIT,151.28,500,539,1039
1764298710359,AAPL,BUY,LIMIT,151.13,5000,540,1082
1764298710384,AAPL,BUY,LIMIT,151.22,500,541,1014
1764298710390,AAPL,BUY,LIMIT,151.19,1000,542,1090
1764298710460,AAPL,SELL,LIMIT,151.3,5000,543,1098
1764298710528,AAPL,BUY,LIMIT,151.2,100,544,1028
1764298710628,AAPL,SELL,MARKET,0.0,100,545,1061
1764298710664,AAPL,SELL,LIMIT,151.3,100,546,1044
1764298710750,AAPL,SELL,LIMIT,151.19,100,547,1063
1764298710780,AAPL,BUY,LIMIT,151.13,200,548,1068
1764298710865,AAPL,BUY,LIMIT,151.13,2000,549,1063
1764298710898,AAPL,SELL,LIMIT,151.31,5000,550,1083
1764298710969,AAPL,SELL,LIMIT,151.24,100,551,1005
1764298711045,AAPL,BUY,LIMIT,151.18,500,552,1075
1764298711103,AAPL,SELL,LIMIT,151.21,500,553,1037
1764298711166,AAPL,SELL,LIMIT,151.26,100,554,1089
1764298711234,AAPL,SELL,LIMIT,151.19,500,555,1016
1764298711324,AAPL,SELL,LIMIT,151.17,500,556,1089
1764298711419,AAPL,SELL,MARKET,0.0,2000,557,1033
1764298711491,AAPL,SELL,LIMIT,150.98,1000,558,1018
1764298711566,AAPL,SELL,LIMIT,150.92,500,559,1007
1764298711645,AAPL,BUY,LIMIT,150.8,2000,560,1045
1764298711717,AAPL,BUY,LIMIT,150.77,5000,561,1030
1764298711740,AAPL,BUY,LIMIT,150.75,5000,562,1041
1764298711773,AAPL,BUY,LIMIT,150.81,200,563,1003
1764298711817,AAPL,BUY,LIMIT,150.85,1000,564,1075
1764298711906,AAPL,SELL,LIMIT,150.96,1000,565,1051
1764298711931,AAPL,SELL,LIMIT,150.93,100,566,1099
1764298711972,AAPL,BUY,LIMIT,150.91,500,567,1079
1764298711988,AAPL,SELL,LIMIT,150.96,200,568,1020
1764298712087,AAPL,BUY,LIMIT,150.85,5000,569,1074
1764298712162,AAPL,SELL,LIMIT,151.0,100,570,1077
1764298712222,AAPL,SELL,LIMIT,150.99,5000,571,1035
1764298712299,AAPL,BUY,LIMIT,150.77,500,572,1095
1764298712329,AAPL,BUY,LIMIT,150.69,5000,573,1097
1764298712404,AAPL,SELL,MARKET,0.0,100,574,1041
1764298712490,AAPL,BUY,LIMIT,150.59,200,575,1072
1764298712544,AAPL,BUY,LIMIT,150.54,200,576,1044
1764298712569,AAPL,SELL,LIMIT,150.69,500,577,1061
1764298712597,AAPL,BUY,MARKET,0.0,100,578,1047
1764298712606,AAPL,BUY,LIMIT,150.61,500,579,1051
1764298712647,AAPL,BUY,MARKET,0.0,500,580,1025
1764298712746,AAPL,BUY,LIMIT,150.61,500,581,1065
1764298712784,AAPL,BUY,MARKET,0.0,5000,582,1067
1764298712854,AAPL,SELL,LIMIT,150.79,500,583,1099
1764298712914,AAPL,BUY,MARKET,0.0,5000,584,1074
1764298712946,AAPL,SELL,MARKET,0.0,5000,585,1086
1764298712994,AAPL,SELL,LIMIT,150.76,1000,586,1081
1764298713000,AAPL,SELL,MARKET,0.0,2000,587,1042
1764298713086,AAPL,BUY,LIMIT,150.61,500,588,1017
1764298713130,AAPL,SELL,LIMIT,150.67,500,589,1025
1764298713180,AAPL,SELL,LIMIT,150.67,100,590,1059
1764298713274,AAPL,SELL,LIMIT,150.61,5000,591,1006
1764298713282,AAPL,SELL,LIMIT,150.58,1000,592,1046
1764298713300,AAPL,BUY,LIMIT,150.49,100,593,1075
1764298713307,AAPL,SELL,LIMIT,150.63,5000,594,1092
1764298713360,AAPL,BUY,LIMIT,150.51,500,595,1080
1764298713383,AAPL,BUY,LIMIT,150.45,1000,596,1061
1764298713409,AAPL,SELL,LIMIT,150.57,5000,597,1054
1764298713492,AAPL,BUY,MARKET,0.0,200,598,1098
1764298713538,AAPL,BUY,LIMIT,150.41,100,599,1061
1764298713579,AAPL,BUY,LIMIT,150.37,2000,600,1078
1764298713587,AAPL,SELL,LIMIT,150.67,100,601,1029
1764298713630,AAPL,BUY,LIMIT,150.53,100,602,1013
1764298713679,AAPL,BUY,LIMIT,150.5,100,603,1077
1764298713762,AAPL,SELL,LIMIT,150.63,100,604,1089
1764298713784,AAPL,BUY,LIMIT,150.44,100,605,1022
1764298713799,AAPL,SELL,LIMIT,150.49,200,606,1011
1764298713899,AAPL,SELL,MARKET,0.0,2000,607,1012
1764298713968,AAPL,SELL,LIMIT,150.64,200,608,1084
1764298714022,AAPL,BUY,MARKET,0.0,200,609,1055
1764298714121,AAPL,SELL,LIMIT,150.56,1000,610,1054
1764298714129,AAPL,BUY,LIMIT,150.53,1000,611,1100
1764298714135,AAPL,BUY,LIMIT,150.52,500,612,1043
1764298714198,AAPL,SELL,LIMIT,150.6,500,613,1090
1764298714223,AAPL,BUY,LIMIT,150.59,2000,614,1085
1764298714270,AAPL,BUY,LIMIT,150.53,5000,615,1053
1764298714328,AAPL,SELL,LIMIT,150.52,1000,616,1008
1764298714404,AAPL,SELL,LIMIT,150.48,2000,617,1000
1764298714424,AAPL,SELL,LIMIT,150.58,5000,618,1066
1764298714471,AAPL,SELL,LIMIT,150.65,5000,619,1079
1764298714562,AAPL,BUY,MARKET,0.0,200,620,1042
1764298714630,AAPL,BUY,LIMIT,150.5,5000,621,1060
1764298714667,AAPL,SELL,MARKET,0.0,5000,622,1000
1764298714707,AAPL,BUY,LIMIT,150.37,5000,623,1088
1764298714708,AAPL,BUY,MARKET,0.0,100,624,1006
1764298714757,AAPL,BUY,LIMIT,150.44,5000,625,1015
1764298714834,AAPL,BUY,LIMIT,150.46,100,626,1059
1764298714912,AAPL,BUY,LIMIT,150.45,200,627,1009
1764298714963,AAPL,BUY,LIMIT,150.55,5000,628,1072
1764298714987,AAPL,SELL,LIMIT,150.55,5000,629,1095
1764298715032,AAPL,SELL,LIMIT,150.6,200,630,1068
1764298715045,AAPL,BUY,LIMIT,150.45,500,631,1054
1764298715100,AAPL,BUY,LIMIT,150.49,1000,632,1083
1764298715112,AAPL,BUY,LIMIT,150.42,500,633,1044
1764298715198,AAPL,BUY,MARKET,0.0,5000,634,1008
1764298715259,AAPL,SELL,LIMIT,150.48,100,635,1032
1764298715354,AAPL,SELL,LIMIT,150.6,2000,636,1018
1764298715407,AAPL,BUY,LIMIT,150.42,500,637,1051
1764298715477,AAPL,BUY,MARKET,0.0,1000,638,1004
1764298715568,AAPL,BUY,MARKET,0.0,500,639,1023
1764298715608,AAPL,BUY,MARKET,0.0,2000,640,1011
1764298715672,AAPL,SELL,LIMIT,150.51,5000,641,1093
1764298715678,AAPL,SELL,LIMIT,150.53,100,642,1021
1764298715757,AAPL,BUY,LIMIT,150.54,500,643,1066
1764298715848,AAPL,SELL,LIMIT,150.52,200,644,1097
1764298715927,AAPL,SELL,LIMIT,150.62,1000,645,1033
1764298716014,AAPL,SELL,LIMIT,150.54,1000,646,1007
1764298716065,AAPL,SELL,LIMIT,150.46,2000,647,1094
1764298716156,AAPL,BUY,LIMIT,150.44,1000,648,1079
1764298716193,AAPL,SELL,LIMIT,150.63,2000,649,1066
1764298716228,AAPL,BUY,MARKET,0.0,2000,650,1066
1764298716317,AAPL,BUY,LIMIT,150.5,200,651,1030
1764298716322,AAPL,BUY,LIMIT,150.45,5000,652,1075
1764298716364,AAPL,BUY,MARKET,0.0,1000,653,1033
1764298716432,AAPL,SELL,LIMIT,150.5,200,654,1081
1764298716468,AAPL,BUY,LIMIT,150.31,200,655,1015
1764298716481,AAPL,SELL,MARKET,0.0,2000,656,1071
1764298716553,AAPL,SELL,MARKET,0.0,5000,657,1025
1764298716564,AAPL,BUY,LIMIT,150.38,5000,658,1071
1764298716640,AAPL,SELL,LIMIT,150.4,200,659,1038
1764298716724,AAPL,SELL,LIMIT,150.48,2000,660,1069
1764298716822,AAPL,SELL,LIMIT,150.55,2000,661,1097
1764298716883,AAPL,SELL,MARKET,0.0,200,662,1015
1764298716897,AAPL,SELL,LIMIT,150.45,2000,663,1027
1764298716931,AAPL,SELL,MARKET,0.0,200,664,1043
1764298717004,AAPL,BUY,LIMIT,150.39,500,665,1018
1764298717007,AAPL,SELL,LIMIT,150.44,5000,666,1004
1764298717057,AAPL,SELL,LIMIT,150.39,5000,667,1060
1764298717113,AAPL,BUY,MARKET,0.0,1000,668,1018
1764298717212,AAPL,BUY,LIMIT,150.04,1000,669,1084
1764298717276,AAPL,BUY,LIMIT,150.08,1000,670,1087
1764298717332,AAPL,SELL,MARKET,0.0,5000,671,1030
1764298717396,AAPL,SELL,MARKET,0.0,200,672,1093
1764298717457,AAPL,BUY,LIMIT,149.97,500,673,1063
1764298717518,AAPL,BUY,MARKET,0.0,2000,674,1055
1764298717614,AAPL,BUY,LIMIT,149.75,500,675,1029
1764298717640,AAPL,SELL,LIMIT,149.84,5000,676,1093
1764298717711,AAPL,SELL,LIMIT,149.85,200,677,1013
1764298717752,AAPL,BUY,MARKET,0.0,200,678,1003
1764298717768,AAPL,BUY,LIMIT,149.59,100,679,1017
1764298717806,AAPL,SELL,LIMIT,149.78,5000,680,1023
1764298717839,AAPL,BUY,LIMIT,149.76,100,681,1089
1764298717873,AAPL,BUY,LIMIT,149.75,200,682,1070
1764298717893,AAPL,SELL,LIMIT,149.8,2000,683,1066
1764298717937,AAPL,SELL,LIMIT,149.91,200,684,1069
1764298717981,AAPL,SELL,LIMIT,149.85,2000,685,1021
1764298718078,AAPL,BUY,MARKET,0.0,1000,686,1030
1764298718100,AAPL,SELL,LIMIT,149.72,100,687,1042
1764298718157,AAPL,BUY,LIMIT,149.53,500,688,1063
1764298718189,AAPL,BUY,MARKET,0.0,100,689,1094
1764298718268,AAPL,BUY,LIMIT,149.44,100,690,1099
1764298718275,AAPL,SELL,MARKET,0.0,500,691,1018
1764298718276,AAPL,SELL,LIMIT,149.65,500,692,1081
1764298718320,AAPL,BUY,MARKET,0.0,2000,693,1078
1764298718402,AAPL,SELL,LIMIT,149.62,5000,694,1032
1764298718477,AAPL,BUY,LIMIT,149.46,100,695,1096
1764298718521,AAPL,SELL,LIMIT,149.63,200,696,1003
1764298718527,AAPL,BUY,LIMIT,149.46,2000,697,1070
1764298718570,AAPL,BUY,LIMIT,149.4,500,698,1057
1764298718636,AAPL,BUY,LIMIT,149.46,500,699,1036
1764298718723,AAPL,SELL,LIMIT,149.6,100,700,1035
1764298718743,AAPL,SELL,LIMIT,149.51,100,701,1000
1764298718766,AAPL,SELL,LIMIT,149.51,5000,702,1038
1764298718861,AAPL,BUY,LIMIT,149.34,2000,703,1036
1764298718900,AAPL,SELL,LIMIT,149.4,2000,704,1084
1764298718909,AAPL,BUY,LIMIT,149.37,200,705,1006
1764298718980,AAPL,BUY,LIMIT,149.34,1000,706,1072
1764298718995,AAPL,SELL,LIMIT,149.57,1000,707,1021
1764298719092,AAPL,BUY,LIMIT,149.5,2000,708,1002
1764298719113,AAPL,SELL,LIMIT,149.58,1000,709,1009
1764298719168,AAPL,BUY,LIMIT,149.43,2000,710,1051
1764298719224,AAPL,SELL,LIMIT,149.53,1000,711,1014
1764298719323,AAPL,SELL,LIMIT,149.45,2000,712,1014
1764298719394,AAPL,SELL,LIMIT,149.48,1000,713,1082
1764298719455,AAPL,SELL,LIMIT,149.44,100,714,1025
1764298719549,AAPL,SELL,MARKET,0.0,200,715,1089
1764298719637,AAPL,BUY,LIMIT,149.35,500,716,1090
1764298719672,AAPL,BUY,LIMIT,149.36,100,717,1061
1764298719748,AAPL,SELL,LIMIT,149.48,200,718,1096
1764298719845,AAPL,SELL,LIMIT,149.49,2000,719,1007
1764298719898,AAPL,BUY,LIMIT,149.32,100,720,1046
1764298719904,AAPL,SELL,LIMIT,149.32,1000,721,1012
1764298719948,AAPL,SELL,LIMIT,149.41,500,722,1081
1764298720000,AAPL,BUY,MARKET,0.0,500,723,1083
1764298720026,AAPL,BUY,LIMIT,149.19,200,724,1012
1764298720096,AAPL,SELL,MARKET,0.0,5000,725,1077
1764298720173,AAPL,SELL,LIMIT,149.43,100,726,1019
1764298720176,AAPL,SELL,MARKET,0.0,1000,727,1057
1764298720205,AAPL,SELL,LIMIT,149.43,200,728,1000
1764298720220,AAPL,BUY,LIMIT,149.3,5000,729,1034
1764298720273,AAPL,BUY,LIMIT,149.33,5000,730,1095
1764298720326,AAPL,BUY,MARKET,0.0,200,731,1046
1764298720329,AAPL,SELL,LIMIT,149.29,5000,732,1008
1764298720426,AAPL,SELL,MARKET,0.0,2000,733,1054
1764298720516,AAPL,BUY,LIMIT,149.2,5000,734,1053
1764298720567,AAPL,BUY,MARKET,0.0,1000,735,1053
1764298720596,AAPL,SELL,LIMIT,149.13,200,736,1074
1764298720624,AAPL,SELL,LIMIT,149.09,2000,737,1013
1764298720695,AAPL,BUY,LIMIT,149.08,2000,738,1074
1764298720735,AAPL,BUY,LIMIT,149.08,2000,739,1046
1764298720782,AAPL,SELL,LIMIT,149.17,200,740,1086
1764298720817,AAPL,BUY,LIMIT,149.04,5000,741,1058
1764298720859,AAPL,BUY,LIMIT,148.98,1000,742,1006
1764298720874,AAPL,BUY,LIMIT,149.03,200,743,1079
1764298720970,AAPL,SELL,LIMIT,149.02,1000,744,1058
1764298721061,AAPL,BUY,LIMIT,148.88,200,745,1046
1764298721143,AAPL,SELL,LIMIT,149.0,1000,746,1021
1764298721210,AAPL,SELL,LIMIT,148.97,100,747,1001
1764298721285,AAPL,BUY,LIMIT,148.93,500,748,1020
1764298721356,AAPL,BUY,LIMIT,148.89,100,749,1033
1764298721381,AAPL,BUY,LIMIT,148.87,1000,750,1098
1764298721404,AAPL,BUY,LIMIT,148.86,2000,751,1077
1764298721431,AAPL,BUY,LIMIT,148.91,2000,752,1077
1764298721462,AAPL,SELL,LIMIT,149.1,2000,753,1070
1764298721554,AAPL,SELL,LIMIT,149.03,1000,754,1020
1764298721630,AAPL,BUY,LIMIT,149.05,200,755,1099
1764298721710,AAPL,BUY,LIMIT,149.07,2000,756,1094
1764298721784,AAPL,BUY,LIMIT,149.17,500,757,1053
1764298721799,AAPL,SELL,MARKET,0.0,500,758,1042
1764298721812,AAPL,SELL,MARKET,0.0,100,759,1042
1764298721896,AAPL,BUY,LIMIT,149.23,500,760,1020
1764298721931,AAPL,BUY,LIMIT,149.15,2000,761,1085
1764298721989,AAPL,BUY,LIMIT,149.08,100,762,1063
1764298722055,AAPL,BUY,MARKET,0.0,2000,763,1086
1764298722089,AAPL,SELL,LIMIT,149.15,200,764,1070
1764298722152,AAPL,BUY,LIMIT,149.05,1000,765,1003
1764298722159,AAPL,BUY,LIMIT,149.12,200,766,1087
1764298722204,AAPL,BUY,LIMIT,149.07,200,767,1069
1764298722276,AAPL,BUY,LIMIT,149.14,5000,768,1041
1764298722310,AAPL,BUY,LIMIT,149.15,100,769,1056
1764298722366,AAPL,BUY,LIMIT,149.22,100,770,1008
1764298722457,AAPL,SELL,LIMIT,149.42,500,771,1077
1764298722499,AAPL,BUY,MARKET,0.0,2000,772,1090
1764298722513,AAPL,SELL,LIMIT,149.22,5000,773,1084
1764298722516,AAPL,SELL,LIMIT,149.25,1000,774,1001
1764298722537,AAPL,SELL,LIMIT,149.32,200,775,1029
1764298722539,AAPL,BUY,MARKET,0.0,5000,776,1046
1764298722597,AAPL,BUY,LIMIT,149.15,100,777,1004
1764298722693,AAPL,SELL,LIMIT,149.38,2000,778,1029
1764298722771,AAPL,BUY,LIMIT,149.16,500,779,1092
1764298722850,AAPL,SELL,LIMIT,149.22,5000,780,1076
1764298722872,AAPL,SELL,LIMIT,149.17,2000,781,1064
1764298722920,AAPL,SELL,LIMIT,149.21,100,782,1053
1764298722980,AAPL,SELL,LIMIT,149.26,2000,783,1019
1764298723054,AAPL,BUY,LIMIT,149.08,2000,784,1064
1764298723109,AAPL,SELL,LIMIT,149.09,2000,785,1086
1764298723187,AAPL,SELL,LIMIT,149.01,200,786,1058
1764298723199,AAPL,BUY,LIMIT,148.85,200,787,1065
1764298723262,AAPL,SELL,LIMIT,148.99,500,788,1041
1764298723335,AAPL,SELL,LIMIT,148.91,100,789,1067
1764298723343,AAPL,SELL,MARKET,0.0,100,790,1094
1764298723394,AAPL,BUY,LIMIT,148.93,5000,791,1011
1764298723465,AAPL,BUY,LIMIT,148.93,5000,792,1067
1764298723554,AAPL,SELL,LIMIT,149.06,500,793,1027
1764298723624,AAPL,BUY,MARKET,0.0,1000,794,1059
1764298723691,AAPL,BUY,MARKET,0.0,500,795,1015
1764298723789,AAPL,BUY,MARKET,0.0,200,796,1009
1764298723882,AAPL,SELL,LIMIT,148.99,1000,797,1046
1764298723917,AAPL,BUY,MARKET,0.0,500,798,1090
1764298723961,AAPL,BUY,LIMIT,148.82,100,799,1037
1764298724020,AAPL,BUY,LIMIT,148.81,100,800,1093
1764298724026,AAPL,SELL,LIMIT,148.95,1000,801,1075
1764298724032,AAPL,SELL,LIMIT,148.94,100,802,1068
1764298724125,AAPL,BUY,LIMIT,148.91,200,803,1032
1764298724158,AAPL,BUY,LIMIT,148.82,2000,804,1058
1764298724181,AAPL,SELL,MARKET,0.0,1000,805,1064
1764298724187,AAPL,BUY,MARKET,0.0,5000,806,1060
1764298724237,AAPL,SELL,LIMIT,149.13,5000,807,1099
1764298724276,AAPL,BUY,MARKET,0.0,200,808,1020
1764298724339,AAPL,BUY,LIMIT,149.19,200,809,1034
1764298724343,AAPL,SELL,LIMIT,149.3,200,810,1069
1764298724366,AAPL,BUY,LIMIT,149.26,2000,811,1009
1764298724408,AAPL,SELL,LIMIT,149.35,5000,812,1083
1764298724495,AAPL,BUY,MARKET,0.0,1000,813,1090
1764298724569,AAPL,SELL,LIMIT,149.26,2000,814,1075
1764298724607,AAPL,BUY,MARKET,0.0,500,815,1051
1764298724641,AAPL,SELL,LIMIT,149.27,1000,816,1047
1764298724709,AAPL,SELL,LIMIT,149.3,5000,817,1074
1764298724721,AAPL,SELL,LIMIT,149.29,5000,818,1036
1764298724789,AAPL,BUY,LIMIT,149.26,1000,819,1015
1764298724870,AAPL,BUY,LIMIT,149.34,100,820,1089
1764298724904,AAPL,BUY,LIMIT,149.34,2000,821,1078
1764298724956,AAPL,SELL,LIMIT,149.35,500,822,1088
1764298724991,AAPL,SELL,LIMIT,149.32,100,823,1044
1764298725068,AAPL,SELL,LIMIT,149.23,2000,824,1013
1764298725135,AAPL,SELL,LIMIT,149.34,100,825,1029
1764298725143,AAPL,SELL,MARKET,0.0,1000,826,1028
1764298725163,AAPL,BUY,LIMIT,149.1,200,827,1049
1764298725233,AAPL,SELL,MARKET,0.0,1000,828,1044
1764298725235,AAPL,BUY,LIMIT,149.07,200,829,1064
1764298725251,AAPL,BUY,LIMIT,148.99,2000,830,1060
1764298725258,AAPL,BUY,LIMIT,149.06,5000,831,1010
1764298725291,AAPL,SELL,LIMIT,149.12,500,832,1049
1764298725333,AAPL,BUY,LIMIT,149.13,100,833,1001
1764298725393,AAPL,SELL,LIMIT,149.2,200,834,1079
1764298725448,AAPL,SELL,LIMIT,149.14,5000,835,1057
1764298725531,AAPL,BUY,LIMIT,149.1,1000,836,1017
1764298725600,AAPL,BUY,LIMIT,149.13,1000,837,1097
1764298725618,AAPL,BUY,MARKET,0.0,1000,838,1016
1764298725627,AAPL,BUY,LIMIT,149.21,1000,839,1061
1764298725711,AAPL,BUY,LIMIT,149.17,500,840,1056
1764298725738,AAPL,BUY,LIMIT,149.23,100,841,1036
1764298725763,AAPL,SELL,LIMIT,149.28,100,842,1077
1764298725801,AAPL,SELL,MARKET,0.0,100,843,1035
1764298725809,AAPL,BUY,LIMIT,149.13,100,844,1056
1764298725854,AAPL,SELL,LIMIT,149.28,2000,845,1063
1764298725939,AAPL,SELL,LIMIT,149.24,100,846,1070
1764298726003,AAPL,SELL,LIMIT,149.21,2000,847,1077
1764298726011,AAPL,SELL,LIMIT,149.18,5000,848,1008
1764298726077,AAPL,SELL,LIMIT,149.14,100,849,1059
1764298726088,AAPL,BUY,LIMIT,149.07,1000,850,1049
1764298726135,AAPL,SELL,LIMIT,149.22,5000,851,1078
1764298726219,AAPL,SELL,LIMIT,149.14,2000,852,1093
1764298726270,AAPL,BUY,LIMIT,149.12,500,853,1030
1764298726297,AAPL,BUY,LIMIT,149.07,500,854,1002
1764298726331,AAPL,BUY,MARKET,0.0,5000,855,1063
1764298726417,AAPL,BUY,MARKET,0.0,200,856,1056
1764298726464,AAPL,BUY,LIMIT,149.01,100,857,1067
1764298726548,AAPL,SELL,LIMIT,149.16,100,858,1098
1764298726600,AAPL,SELL,LIMIT,149.21,5000,859,1037
1764298726665,AAPL,SELL,LIMIT,149.2,200,860,1017
1764298726671,AAPL,BUY,LIMIT,149.14,100,861,1088
1764298726676,AAPL,SELL,MARKET,0.0,100,862,1033
1764298726694,AAPL,SELL,MARKET,0.0,2000,863,1057
1764298726791,AAPL,SELL,MARKET,0.0,500,864,1095
1764298726796,AAPL,SELL,LIMIT,149.3,200,865,1093
1764298726849,AAPL,SELL,LIMIT,149.32,100,866,1085
1764298726874,AAPL,SELL,LIMIT,149.33,200,867,1027
1764298726965,AAPL,SELL,LIMIT,149.33,100,868,1057
1764298727044,AAPL,BUY,LIMIT,149.15,1000,869,1050
1764298727107,AAPL,SELL,MARKET,0.0,1000,870,1094
1764298727138,AAPL,SELL,LIMIT,149.36,2000,871,1077
1764298727150,AAPL,BUY,LIMIT,149.29,200,872,1034
1764298727154,AAPL,SELL,LIMIT,149.31,2000,873,1016
1764298727247,AAPL,SELL,LIMIT,149.29,1000,874,1026
1764298727323,AAPL,SELL,LIMIT,149.38,1000,875,1054
1764298727329,AAPL,SELL,LIMIT,149.31,500,876,1069
1764298727395,AAPL,SELL,LIMIT,149.42,200,877,1025
1764298727449,AAPL,SELL,LIMIT,149.44,500,878,1019
1764298727537,AAPL,BUY,MARKET,0.0,5000,879,1043
1764298727570,AAPL,BUY,LIMIT,149.4,200,880,1001
1764298727633,AAPL,SELL,LIMIT,149.42,500,881,1098
1764298727693,AAPL,BUY,MARKET,0.0,1000,882,1055
1764298727789,AAPL,BUY,MARKET,0.0,1000,883,1010
1764298727886,AAPL,BUY,MARKET,0.0,1000,884,1042
1764298727903,AAPL,SELL,MARKET,0.0,1000,885,1000
1764298727996,AAPL,SELL,LIMIT,149.79,200,886,1065
1764298728043,AAPL,BUY,LIMIT,149.63,100,887,1097
1764298728141,AAPL,SELL,LIMIT,149.74,5000,888,1032
1764298728209,AAPL,BUY,LIMIT,149.7,5000,889,1016
1764298728298,AAPL,SELL,MARKET,0.0,500,890,1025
1764298728350,AAPL,SELL,MARKET,0.0,500,891,1073
1764298728398,AAPL,SELL,LIMIT,149.85,1000,892,1007
1764298728465,AAPL,SELL,MARKET,0.0,500,893,1021
1764298728556,AAPL,BUY,LIMIT,149.72,5000,894,1057
1764298728586,AAPL,SELL,MARKET,0.0,5000,895,1044
1764298728665,AAPL,SELL,LIMIT,149.79,1000,896,1023
1764298728683,AAPL,SELL,MARKET,0.0,5000,897,1006
1764298728713,AAPL,BUY,LIMIT,149.68,500,898,1033
1764298728796,AAPL,SELL,MARKET,0.0,1000,899,1086
1764298728810,AAPL,BUY,LIMIT,149.59,200,900,1077
1764298728902,AAPL,SELL,LIMIT,149.77,100,901,1062
1764298728951,AAPL,SELL,LIMIT,149.76,500,902,1005
1764298728954,AAPL,SELL,LIMIT,149.73,200,903,1086
1764298729009,AAPL,BUY,LIMIT,149.71,500,904,1079
1764298729108,AAPL,BUY,LIMIT,149.77,2000,905,1034
1764298729130,AAPL,BUY,LIMIT,149.87,2000,906,1063
1764298729163,AAPL,SELL,LIMIT,149.93,5000,907,1099
1764298729170,AAPL,BUY,LIMIT,149.94,1000,908,1006
1764298729196,AAPL,SELL,LIMIT,150.16,200,909,1034
1764298729268,AAPL,BUY,LIMIT,149.97,100,910,1052
1764298729307,AAPL,SELL,LIMIT,150.09,100,911,1099
1764298729370,AAPL,SELL,LIMIT,150.16,200,912,1084
1764298729446,AAPL,BUY,LIMIT,150.08,5000,913,1063
1764298729484,AAPL,SELL,MARKET,0.0,200,914,1060
1764298729510,AAPL,BUY,LIMIT,150.21,1000,915,1068
1764298729518,AAPL,BUY,LIMIT,150.1,100,916,1003
1764298729591,AAPL,SELL,LIMIT,150.24,200,917,1100
1764298729616,AAPL,SELL,LIMIT,150.31,500,918,1097
1764298729639,AAPL,SELL,LIMIT,150.33,100,919,1083
1764298729727,AAPL,SELL,MARKET,0.0,200,920,1017
1764298729811,AAPL,SELL,LIMIT,150.3,2000,921,1052
1764298729854,AAPL,SELL,LIMIT,150.37,500,922,1015
1764298729864,AAPL,BUY,LIMIT,150.23,100,923,1095
1764298729919,AAPL,BUY,LIMIT,150.14,500,924,1004
1764298729975,AAPL,SELL,LIMIT,150.2,500,925,1091
1764298730009,AAPL,SELL,LIMIT,150.17,200,926,1085
1764298730012,AAPL,BUY,MARKET,0.0,5000,927,1036
1764298730059,AAPL,BUY,MARKET,0.0,500,928,1073
1764298730096,AAPL,BUY,LIMIT,150.07,2000,929,1090
1764298730121,AAPL,SELL,LIMIT,150.13,2000,930,1002
1764298730205,AAPL,BUY,LIMIT,149.99,100,931,1001
1764298730215,AAPL,BUY,LIMIT,149.98,1000,932,1057
1764298730262,AAPL,SELL,LIMIT,150.05,200,933,1031
1764298730284,AAPL,SELL,LIMIT,149.98,100,934,1021
1764298730285,AAPL,BUY,LIMIT,149.8,200,935,1059
1764298730347,AAPL,BUY,LIMIT,149.71,100,936,1073
1764298730438,AAPL,BUY,LIMIT,149.78,2000,937,1077
1764298730516,AAPL,BUY,LIMIT,149.77,500,938,1099
1764298730539,AAPL,SELL,LIMIT,149.88,200,939,1063
1764298730556,AAPL,SELL,LIMIT,149.81,1000,940,1000
1764298730572,AAPL,BUY,LIMIT,149.75,100,941,1014
1764298730663,AAPL,BUY,LIMIT,149.62,200,942,1007
1764298730711,AAPL,SELL,LIMIT,149.77,200,943,1027
1764298730720,AAPL,BUY,LIMIT,149.76,200,944,1054
1764298730739,AAPL,BUY,LIMIT,149.69,1000,945,1052
1764298730834,AAPL,BUY,LIMIT,149.79,5000,946,1069
1764298730908,AAPL,BUY,LIMIT,149.77,100,947,1045
1764298730985,AAPL,BUY,LIMIT,149.84,5000,948,1009
1764298730987,AAPL,SELL,LIMIT,149.87,500,949,1020
1764298731021,AAPL,SELL,LIMIT,149.82,1000,950,1049
1764298731038,AAPL,SELL,MARKET,0.0,2000,951,1034
1764298731039,AAPL,SELL,LIMIT,149.98,5000,952,1075
1764298731058,AAPL,SELL,MARKET,0.0,500,953,1019
1764298731062,AAPL,SELL,LIMIT,150.04,5000,954,1065
1764298731078,AAPL,BUY,LIMIT,149.97,1000,955,1064
1764298731162,AAPL,BUY,LIMIT,149.95,500,956,1042
1764298731164,AAPL,BUY,LIMIT,149.85,1000,957,1096
1764298731165,AAPL,SELL,LIMIT,150.02,1000,958,1007
1764298731195,AAPL,BUY,LIMIT,149.87,200,959,1049
1764298731279,AAPL,SELL,LIMIT,150.0,500,960,1074
1764298731302,AAPL,BUY,LIMIT,149.94,500,961,1099
1764298731307,AAPL,BUY,LIMIT,149.95,500,962,1002
1764298731376,AAPL,SELL,LIMIT,150.03,200,963,1020
1764298731426,AAPL,BUY,LIMIT,149.83,1000,964,1024
1764298731507,AAPL,BUY,LIMIT,149.89,500,965,1040
1764298731569,AAPL,BUY,LIMIT,149.92,500,966,1025
1764298731642,AAPL,SELL,MARKET,0.0,500,967,1022
1764298731716,AAPL,SELL,LIMIT,150.09,100,968,1086
1764298731735,AAPL,SELL,LIMIT,150.04,200,969,1083
1764298731818,AAPL,SELL,LIMIT,150.13,500,970,1021
1764298731825,AAPL,BUY,MARKET,0.0,5000,971,1027
1764298731902,AAPL,BUY,MARKET,0.0,200,972,1031
1764298731960,AAPL,SELL,LIMIT,150.05,100,973,1037
1764298731975,AAPL,BUY,LIMIT,150.01,2000,974,1021
1764298732035,AAPL,BUY,LIMIT,149.94,1000,975,1057
1764298732094,AAPL,BUY,MARKET,0.0,200,976,1004
1764298732139,AAPL,SELL,LIMIT,149.99,200,977,1086
1764298732194,AAPL,SELL,MARKET,0.0,200,978,1081
1764298732210,AAPL,SELL,MARKET,0.0,5000,979,1027
1764298732282,AAPL,SELL,MARKET,0.0,1000,980,1025
1764298732294,AAPL,SELL,LIMIT,149.99,5000,981,1074
1764298732381,AAPL,BUY,LIMIT,149.9,2000,982,1066
1764298732411,AAPL,BUY,MARKET,0.0,200,983,1022
1764298732502,AAPL,BUY,LIMIT,149.93,100,984,1093
1764298732587,AAPL,BUY,LIMIT,149.98,200,985,1054
1764298732655,AAPL,BUY,LIMIT,149.96,100,986,1072
1764298732709,AAPL,BUY,LIMIT,149.91,200,987,1074
1764298732717,AAPL,BUY,LIMIT,149.91,1000,988,1032
1764298732803,AAPL,SELL,LIMIT,150.04,5000,989,1062
1764298732890,AAPL,SELL,LIMIT,150.12,500,990,1016
1764298732989,AAPL,SELL,LIMIT,150.08,2000,991,1050
1764298733054,AAPL,BUY,MARKET,0.0,5000,992,1012
1764298733060,AAPL,BUY,MARKET,0.0,2000,993,1086
1764298733096,AAPL,SELL,LIMIT,150.14,200,994,1070
1764298733109,AAPL,SELL,MARKET,0.0,5000,995,1013
1764298733199,AAPL,BUY,LIMIT,150.14,2000,996,1100
1764298733279,AAPL,SELL,MARKET,0.0,5000,997,1006
1764298733339,AAPL,BUY,LIMIT,150.13,500,998,1076
1764298733422,AAPL,SELL,LIMIT,150.34,500,999,1021
1764298733476,AAPL,BUY,LIMIT,150.31,500,1000,1072
1764298733482,AAPL,BUY,MARKET,0.0,100,1001,1053
1764298733556,AAPL,BUY,LIMIT,150.25,100,1002,1013
1764298733559,AAPL,BUY,LIMIT,150.2,5000,1003,1056
1764298733562,AAPL,BUY,LIMIT,150.08,1000,1004,1003
1764298733655,AAPL,SELL,LIMIT,150.17,500,1005,1075
1764298733664,AAPL,BUY,LIMIT,150.16,100,1006,1034
1764298733727,AAPL,BUY,MARKET,0.0,100,1007,1045
1764298733763,AAPL,BUY,LIMIT,150.1,5000,1008,1029
1764298733776,AAPL,SELL,LIMIT,150.16,200,1009,1091
1764298733791,AAPL,SELL,LIMIT,150.21,100,1010,1089
1764298733803,AAPL,SELL,LIMIT,150.31,500,1011,1036
1764298733829,AAPL,SELL,LIMIT,150.21,100,1012,1099
1764298733914,AAPL,SELL,LIMIT,150.27,5000,1013,1081
1764298733944,AAPL,SELL,LIMIT,150.26,500,1014,1048
1764298734006,AAPL,SELL,LIMIT,150.35,200,1015,1054
1764298734074,AAPL,BUY,LIMIT,150.27,5000,1016,1024
1764298734159,AAPL,BUY,LIMIT,150.25,100,1017,1006
1764298734181,AAPL,BUY,LIMIT,150.2,200,1018,1068
1764298734204,AAPL,BUY,LIMIT,150.16,2000,1019,1065
1764298734249,AAPL,SELL,LIMIT,150.25,1000,1020,1032
1764298734349,AAPL,SELL,LIMIT,150.2,200,1021,1047
1764298734408,AAPL,BUY,LIMIT,150.04,1000,1022,1063
1764298734445,AAPL,BUY,LIMIT,150.13,500,1023,1068
1764298734483,AAPL,BUY,LIMIT,150.16,200,1024,1088
1764298734497,AAPL,BUY,LIMIT,150.24,5000,1025,1084
1764298734504,AAPL,BUY,LIMIT,150.26,500,1026,1055
1764298734549,AAPL,SELL,LIMIT,150.28,2000,1027,1024
1764298734566,AAPL,SELL,LIMIT,150.42,5000,1028,1062
1764298734603,AAPL,SELL,LIMIT,150.3,200,1029,1012
1764298734672,AAPL,SELL,LIMIT,150.35,500,1030,1065
1764298734728,AAPL,SELL,LIMIT,150.42,5000,1031,1057
1764298734729,AAPL,SELL,LIMIT,150.4,5000,1032,1000
1764298734774,AAPL,SELL,LIMIT,150.35,5000,1033,1052
1764298734820,AAPL,BUY,LIMIT,150.25,2000,1034,1087
1764298734861,AAPL,SELL,LIMIT,150.35,5000,1035,1017
1764298734867,AAPL,SELL,LIMIT,150.27,5000,1036,1021
1764298734966,AAPL,BUY,LIMIT,150.18,5000,1037,1071
1764298734992,AAPL,SELL,LIMIT,150.27,100,1038,1093
1764298735070,AAPL,SELL,LIMIT,150.24,100,1039,1025
1764298735135,AAPL,BUY,LIMIT,150.07,200,1040,1003
1764298735185,AAPL,BUY,LIMIT,150.07,1000,1041,1100
1764298735256,AAPL,SELL,LIMIT,150.29,500,1042,1036
1764298735343,AAPL,SELL,LIMIT,150.25,2000,1043,1024
1764298735364,AAPL,BUY,MARKET,0.0,1000,1044,1058
1764298735399,AAPL,SELL,LIMIT,150.25,2000,1045,1034
1764298735433,AAPL,SELL,LIMIT,150.29,5000,1046,1072
1764298735474,AAPL,BUY,MARKET,0.0,500,1047,1004
1764298735558,AAPL,BUY,LIMIT,150.31,200,1048,1054
1764298735583,AAPL,SELL,LIMIT,150.42,1000,1049,1056
1764298735606,AAPL,BUY,LIMIT,150.21,100,1050,1024
1764298735633,AAPL,BUY,LIMIT,150.19,100,1051,1038
1764298735635,AAPL,SELL,MARKET,0.0,1000,1052,1092
1764298735637,AAPL,SELL,LIMIT,150.35,1000,1053,1032
1764298735712,AAPL,SELL,LIMIT,150.33,200,1054,1051
1764298735760,AAPL,BUY,MARKET,0.0,500,1055,1043
1764298735853,AAPL,SELL,LIMIT,150.34,100,1056,1036
1764298735918,AAPL,BUY,LIMIT,150.32,1000,1057,1043
1764298735959,AAPL,SELL,LIMIT,150.45,2000,1058,1042
1764298736034,AAPL,BUY,LIMIT,150.33,100,1059,1022
1764298736095,AAPL,SELL,MARKET,0.0,100,1060,1060
1764298736119,AAPL,SELL,LIMIT,150.22,100,1061,1037
1764298736191,AAPL,SELL,LIMIT,150.19,5000,1062,1087
1764298736288,AAPL,SELL,LIMIT,150.15,500,1063,1007
1764298736291,AAPL,SELL,LIMIT,150.13,500,1064,1031
1764298736308,AAPL,SELL,LIMIT,150.2,500,1065,1079
1764298736389,AAPL,BUY,LIMIT,150.18,1000,1066,1028
1764298736414,AAPL,SELL,LIMIT,150.38,200,1067,1086
1764298736467,AAPL,BUY,MARKET,0.0,1000,1068,1090
1764298736507,AAPL,BUY,LIMIT,150.27,100,1069,1046
1764298736554,AAPL,BUY,LIMIT,150.41,200,1070,1049
1764298736598,AAPL,BUY,MARKET,0.0,100,1071,1057
1764298736657,AAPL,BUY,LIMIT,150.37,1000,1072,1036
1764298736708,AAPL,SELL,LIMIT,150.5,100,1073,1004
1764298736796,AAPL,BUY,LIMIT,150.41,100,1074,1096
1764298736849,AAPL,SELL,LIMIT,150.5,500,1075,1034
1764298736920,AAPL,BUY,LIMIT,150.46,2000,1076,1096
1764298736987,AAPL,BUY,LIMIT,150.54,100,1077,1069
1764298737053,AAPL,BUY,LIMIT,150.54,5000,1078,1097
1764298737127,AAPL,SELL,LIMIT,150.6,1000,1079,1001
1764298737142,AAPL,BUY,LIMIT,150.49,5000,1080,1067
1764298737204,AAPL,BUY,LIMIT,150.42,100,1081,1029
1764298737221,AAPL,SELL,LIMIT,150.52,1000,1082,1032
1764298737269,AAPL,BUY,LIMIT,150.39,2000,1083,1073
1764298737303,AAPL,BUY,LIMIT,150.3,100,1084,1032
1764298737325,AAPL,BUY,LIMIT,150.27,200,1085,1071
1764298737398,AAPL,BUY,LIMIT,150.17,5000,1086,1094
1764298737482,AAPL,SELL,LIMIT,150.24,500,1087,1072
1764298737556,AAPL,SELL,LIMIT,150.27,500,1088,1079
1764298737603,AAPL,SELL,LIMIT,150.37,5000,1089,1030
1764298737669,AAPL,SELL,MARKET,0.0,1000,1090,1062
1764298737757,AAPL,SELL,LIMIT,150.29,5000,1091,1091
1764298737855,AAPL,SELL,LIMIT,150.34,100,1092,1004
1764298737931,AAPL,SELL,LIMIT,150.45,1000,1093,1089
1764298738003,AAPL,SELL,LIMIT,150.47,1000,1094,1045
1764298738023,AAPL,BUY,MARKET,0.0,2000,1095,1032
1764298738030,AAPL,BUY,LIMIT,150.38,2000,1096,1036
1764298738054,AAPL,BUY,LIMIT,150.35,1000,1097,1071
1764298738117,AAPL,BUY,LIMIT,150.29,2000,1098,1060
1764298738214,AAPL,SELL,LIMIT,150.48,200,1099,1012
1764298738279,AAPL,BUY,LIMIT,150.43,1000,1100,1069
1764298738362,AAPL,SELL,MARKET,0.0,200,1101,1080
1764298738367,AAPL,BUY,LIMIT,150.36,100,1102,1037
1764298738389,AAPL,SELL,LIMIT,150.49,1000,1103,1010
1764298738393,AAPL,BUY,LIMIT,150.33,100,1104,1044
1764298738461,AAPL,SELL,LIMIT,150.52,500,1105,1082
1764298738499,AAPL,SELL,MARKET,0.0,200,1106,1098
1764298738583,AAPL,BUY,LIMIT,150.45,2000,1107,1095
1764298738647,AAPL,SELL,LIMIT,150.57,5000,1108,1099
1764298738722,AAPL,SELL,LIMIT,150.63,2000,1109,1071
1764298738742,AAPL,SELL,LIMIT,150.59,5000,1110,1064
1764298738801,AAPL,BUY,MARKET,0.0,200,1111,1098
1764298738818,AAPL,SELL,MARKET,0.0,2000,1112,1049
1764298738820,AAPL,BUY,MARKET,0.0,200,1113,1006
1764298738872,AAPL,BUY,LIMIT,150.5,2000,1114,1022
1764298738944,AAPL,BUY,LIMIT,150.48,2000,1115,1055
1764298738948,AAPL,BUY,LIMIT,150.48,2000,1116,1009
1764298738958,AAPL,BUY,LIMIT,150.35,5000,1117,1048
1764298738985,AAPL,SELL,LIMIT,150.35,2000,1118,1011
1764298739054,AAPL,BUY,LIMIT,150.32,100,1119,1089
1764298739059,AAPL,SELL,LIMIT,150.57,1000,1120,1061
1764298739060,AAPL,BUY,LIMIT,150.4,2000,1121,1100
1764298739143,AAPL,BUY,LIMIT,150.5,2000,1122,1089
1764298739229,AAPL,BUY,LIMIT,150.42,200,1123,1040
1764298739307,AAPL,BUY,LIMIT,150.4,2000,1124,1090
1764298739357,AAPL,SELL,LIMIT,150.46,1000,1125,1023
1764298739398,AAPL,BUY,LIMIT,150.39,5000,1126,1098
1764298739430,AAPL,SELL,LIMIT,150.51,500,1127,1097
1764298739514,AAPL,SELL,LIMIT,150.5,2000,1128,1096
1764298739605,AAPL,BUY,LIMIT,150.37,500,1129,1032
1764298739637,AAPL,SELL,MARKET,0.0,5000,1130,1032
1764298739697,AAPL,SELL,MARKET,0.0,5000,1131,1010
1764298739793,AAPL,BUY,LIMIT,150.37,2000,1132,1061
1764298739801,AAPL,SELL,LIMIT,150.38,2000,1133,1089
1764298739837,AAPL,SELL,LIMIT,150.32,200,1134,1048
1764298739914,AAPL,SELL,LIMIT,150.33,100,1135,1007
1764298739966,AAPL,SELL,LIMIT,150.23,500,1136,1024
1764298740032,AAPL,SELL,LIMIT,150.27,2000,1137,1076
1764298740112,AAPL,BUY,LIMIT,150.15,200,1138,1084
1764298740125,AAPL,BUY,LIMIT,150.17,5000,1139,1070
1764298740160,AAPL,BUY,LIMIT,150.11,100,1140,1080
1764298740161,AAPL,SELL,LIMIT,150.13,200,1141,1047
1764298740217,AAPL,BUY,LIMIT,150.0,200,1142,1069
1764298740297,AAPL,BUY,MARKET,0.0,1000,1143,1020
1764298740373,AAPL,SELL,MARKET,0.0,100,1144,1082
1764298740432,AAPL,BUY,LIMIT,150.02,1000,1145,1100
1764298740475,AAPL,BUY,LIMIT,149.93,100,1146,1087
1764298740542,AAPL,BUY,LIMIT,149.99,100,1147,1063
1764298740624,AAPL,BUY,LIMIT,150.1,100,1148,1003
1764298740710,AAPL,BUY,MARKET,0.0,200,1149,1045
1764298740761,AAPL,SELL,LIMIT,150.3,2000,1150,1009
1764298740832,AAPL,SELL,MARKET,0.0,100,1151,1016
1764298740906,AAPL,BUY,LIMIT,150.2,5000,1152,1051
1764298740947,AAPL,BUY,LIMIT,150.06,2000,1153,1031
1764298740973,AAPL,BUY,LIMIT,150.19,5000,1154,1019
1764298740991,AAPL,SELL,LIMIT,150.38,200,1155,1032
1764298741027,AAPL,BUY,LIMIT,150.2,200,1156,1039
1764298741118,AAPL,BUY,MARKET,0.0,2000,1157,1027
1764298741204,AAPL,SELL,LIMIT,150.35,1000,1158,1018
1764298741234,AAPL,BUY,LIMIT,150.37,500,1159,1094
1764298741300,AAPL,BUY,LIMIT,150.41,5000,1160,1100
1764298741337,AAPL,SELL,MARKET,0.0,2000,1161,1027
1764298741362,AAPL,BUY,LIMIT,150.37,5000,1162,1073
1764298741387,AAPL,BUY,LIMIT,150.39,5000,1163,1084
1764298741402,AAPL,BUY,LIMIT,150.43,1000,1164,1018
1764298741441,AAPL,BUY,MARKET,0.0,5000,1165,1061
1764298741510,AAPL,BUY,LIMIT,150.48,500,1166,1081
1764298741562,AAPL,BUY,MARKET,0.0,200,1167,1095
1764298741605,AAPL,SELL,MARKET,0.0,2000,1168,1015
1764298741659,AAPL,SELL,LIMIT,150.62,5000,1169,1084
1764298741687,AAPL,SELL,LIMIT,150.59,500,1170,1039
1764298741730,AAPL,SELL,LIMIT,150.68,200,1171,1099
1764298741813,AAPL,SELL,LIMIT,150.55,100,1172,1045
1764298741873,AAPL,BUY,LIMIT,150.5,2000,1173,1092
1764298741953,AAPL,SELL,LIMIT,150.66,100,1174,1042
1764298741997,AAPL,BUY,MARKET,0.0,200,1175,1061
1764298742014,AAPL,SELL,LIMIT,150.66,1000,1176,1090
1764298742079,AAPL,BUY,LIMIT,150.42,200,1177,1100
1764298742142,AAPL,SELL,LIMIT,150.51,1000,1178,1035
1764298742179,AAPL,SELL,LIMIT,150.48,200,1179,1078
1764298742197,AAPL,SELL,LIMIT,150.58,500,1180,1082
1764298742296,AAPL,SELL,MARKET,0.0,100,1181,1070
1764298742374,AAPL,BUY,LIMIT,150.63,2000,1182,1087
1764298742457,AAPL,BUY,LIMIT,150.62,1000,1183,1062
1764298742501,AAPL,BUY,LIMIT,150.57,100,1184,1072
1764298742542,AAPL,SELL,LIMIT,150.72,5000,1185,1027
1764298742592,AAPL,SELL,LIMIT,150.75,5000,1186,1042
1764298742598,AAPL,BUY,LIMIT,150.57,5000,1187,1005
1764298742622,AAPL,SELL,MARKET,0.0,2000,1188,1088
1764298742633,AAPL,SELL,MARKET,0.0,2000,1189,1014
1764298742695,AAPL,SELL,LIMIT,150.9,1000,1190,1094
1764298742770,AAPL,SELL,MARKET,0.0,100,1191,1100
1764298742798,AAPL,BUY,LIMIT,150.85,100,1192,1019
1764298742845,AAPL,BUY,LIMIT,150.8,2000,1193,1029
1764298742846,AAPL,BUY,LIMIT,150.88,200,1194,1000
1764298742874,AAPL,BUY,LIMIT,150.81,2000,1195,1069
1764298742969,AAPL,SELL,LIMIT,150.78,200,1196,1027
1764298743025,AAPL,SELL,LIMIT,150.8,200,1197,1007
1764298743069,AAPL,SELL,MARKET,0.0,200,1198,1032
1764298743087,AAPL,SELL,MARKET,0.0,2000,1199,1062
1764298743104,AAPL,SELL,LIMIT,150.74,500,1200,1092
1764298743197,AAPL,BUY,LIMIT,150.51,5000,1201,1025
1764298743258,AAPL,BUY,LIMIT,150.44,500,1202,1000
1764298743333,AAPL,BUY,LIMIT,150.53,1000,1203,1061
1764298743346,AAPL,BUY,MARKET,0.0,2000,1204,1074
1764298743366,AAPL,BUY,MARKET,0.0,2000,1205,1023
1764298743449,AAPL,BUY,MARKET,0.0,500,1206,1024
1764298743531,AAPL,SELL,LIMIT,150.66,200,1207,1018
1764298743624,AAPL,BUY,MARKET,0.0,500,1208,1013
1764298743639,AAPL,BUY,LIMIT,150.47,100,1209,1017
1764298743646,AAPL,BUY,LIMIT,150.54,1000,1210,1027
1764298743649,AAPL,BUY,LIMIT,150.52,200,1211,1081
1764298743672,AAPL,SELL,LIMIT,150.51,100,1212,1006
1764298743679,AAPL,SELL,LIMIT,150.62,200,1213,1036
1764298743697,AAPL,SELL,LIMIT,150.67,500,1214,1075
1764298743768,AAPL,SELL,LIMIT,150.69,1000,1215,1042
1764298743823,AAPL,SELL,LIMIT,150.56,5000,1216,1023
1764298743868,AAPL,SELL,LIMIT,150.6,200,1217,1094
1764298743930,AAPL,SELL,LIMIT,150.51,2000,1218,1083
1764298744000,AAPL,SELL,LIMIT,150.62,2000,1219,1069
1764298744076,AAPL,BUY,LIMIT,150.43,200,1220,1095
1764298744154,AAPL,BUY,LIMIT,150.42,200,1221,1081
1764298744219,AAPL,BUY,LIMIT,150.52,1000,1222,1012
1764298744284,AAPL,BUY,LIMIT,150.41,2000,1223,1075
1764298744293,AAPL,BUY,LIMIT,150.5,1000,1224,1008
1764298744294,AAPL,SELL,MARKET,0.0,1000,1225,1038
1764298744302,AAPL,BUY,LIMIT,150.45,500,1226,1098
1764298744312,AAPL,BUY,LIMIT,150.51,5000,1227,1073
1764298744374,AAPL,BUY,LIMIT,150.56,200,1228,1083
1764298744471,AAPL,BUY,LIMIT,150.45,200,1229,1001
1764298744529,AAPL,BUY,LIMIT,150.57,5000,1230,1083
1764298744608,AAPL,SELL,LIMIT,150.58,5000,1231,1036
1764298744698,AAPL,SELL,LIMIT,150.62,100,1232,1050
1764298744790,AAPL,BUY,LIMIT,150.48,1000,1233,1098
1764298744884,AAPL,SELL,LIMIT,150.53,200,1234,1089
1764298744936,AAPL,BUY,LIMIT,150.39,5000,1235,1042
1764298745026,AAPL,BUY,LIMIT,150.36,100,1236,1096
1764298745068,AAPL,BUY,MARKET,0.0,2000,1237,1050
1764298745155,AAPL,SELL,LIMIT,150.53,200,1238,1074
1764298745219,AAPL,BUY,MARKET,0.0,100,1239,1058
1764298745231,AAPL,BUY,MARKET,0.0,5000,1240,1064
1764298745247,AAPL,BUY,LIMIT,150.45,500,1241,1013
1764298745282,AAPL,BUY,LIMIT,150.42,5000,1242,1037
1764298745295,AAPL,SELL,MARKET,0.0,1000,1243,1031
1764298745317,AAPL,SELL,MARKET,0.0,2000,1244,1092
1764298745368,AAPL,SELL,LIMIT,150.3,5000,1245,1079
1764298745388,AAPL,SELL,LIMIT,150.31,200,1246,1046
1764298745468,AAPL,BUY,LIMIT,150.22,200,1247,1090
1764298745549,AAPL,BUY,MARKET,0.0,200,1248,1073
1764298745562,AAPL,BUY,LIMIT,150.17,200,1249,1026
1764298745619,AAPL,SELL,LIMIT,150.33,2000,1250,1067
1764298745624,AAPL,SELL,LIMIT,150.25,5000,1251,1100
1764298745649,AAPL,SELL,LIMIT,150.24,5000,1252,1055
1764298745667,AAPL,BUY,LIMIT,150.14,2000,1253,1025
1764298745684,AAPL,SELL,LIMIT,150.22,500,1254,1053
1764298745711,AAPL,BUY,LIMIT,150.13,200,1255,1033
1764298745799,AAPL,SELL,MARKET,0.0,500,1256,1024
1764298745832,AAPL,BUY,LIMIT,150.2,100,1257,1023
1764298745920,AAPL,SELL,LIMIT,150.25,100,1258,1038
1764298745933,AAPL,SELL,LIMIT,150.23,200,1259,1057
1764298745974,AAPL,SELL,LIMIT,150.26,5000,1260,1019
1764298746034,AAPL,BUY,LIMIT,150.12,500,1261,1049
1764298746046,AAPL,BUY,LIMIT,150.14,1000,1262,1065
1764298746120,AAPL,SELL,LIMIT,150.29,5000,1263,1069
1764298746149,AAPL,SELL,MARKET,0.0,1000,1264,1000
1764298746156,AAPL,SELL,LIMIT,150.35,1000,1265,1076
1764298746252,AAPL,SELL,MARKET,0.0,5000,1266,1031
1764298746271,AAPL,BUY,LIMIT,150.25,200,1267,1086
1764298746358,AAPL,BUY,LIMIT,150.28,1000,1268,1033
1764298746447,AAPL,SELL,LIMIT,150.25,100,1269,1055
1764298746497,AAPL,SELL,MARKET,0.0,5000,1270,1065
1764298746543,AAPL,SELL,LIMIT,150.32,5000,1271,1079
1764298746549,AAPL,BUY,MARKET,0.0,5000,1272,1055
1764298746582,AAPL,SELL,LIMIT,150.18,200,1273,1056
1764298746606,AAPL,BUY,LIMIT,150.02,100,1274,1082
1764298746633,AAPL,SELL,LIMIT,150.12,2000,1275,1063
1764298746676,AAPL,SELL,LIMIT,150.2,2000,1276,1077
1764298746746,AAPL,BUY,LIMIT,150.19,1000,1277,1027
1764298746764,AAPL,BUY,MARKET,0.0,5000,1278,1082
1764298746812,AAPL,SELL,MARKET,0.0,100,1279,1009
1764298746888,AAPL,SELL,LIMIT,150.24,2000,1280,1023
1764298746909,AAPL,BUY,LIMIT,150.14,500,1281,1032
1764298746925,AAPL,SELL,LIMIT,150.25,100,1282,1014
1764298746927,AAPL,BUY,LIMIT,150.26,200,1283,1067
1764298746944,AAPL,SELL,LIMIT,150.29,100,1284,1055
1764298746982,AAPL,SELL,LIMIT,150.24,5000,1285,1041
1764298747055,AAPL,BUY,LIMIT,150.09,2000,1286,1092
1764298747109,AAPL,SELL,LIMIT,150.31,200,1287,1051
1764298747190,AAPL,SELL,LIMIT,150.27,5000,1288,1031
1764298747208,AAPL,SELL,LIMIT,150.21,500,1289,1080
1764298747291,AAPL,BUY,LIMIT,150.03,1000,1290,1028
1764298747370,AAPL,BUY,LIMIT,150.06,1000,1291,1089
1764298747442,AAPL,SELL,MARKET,0.0,5000,1292,1071
1764298747524,AAPL,BUY,LIMIT,150.03,500,1293,1051
1764298747528,AAPL,SELL,LIMIT,150.04,500,1294,1080
1764298747590,AAPL,SELL,LIMIT,150.03,5000,1295,1049
1764298747623,AAPL,BUY,LIMIT,149.94,500,1296,1027
1764298747632,AAPL,BUY,LIMIT,150.04,1000,1297,1077
1764298747692,AAPL,SELL,LIMIT,150.19,100,1298,1095
1764298747729,AAPL,BUY,LIMIT,150.01,5000,1299,1056
1764298747817,AAPL,BUY,LIMIT,150.05,1000,1300,1078
1764298747865,AAPL,BUY,MARKET,0.0,5000,1301,1071
1764298747927,AAPL,SELL,LIMIT,150.2,200,1302,1082
1764298748005,AAPL,BUY,LIMIT,149.95,1000,1303,1064
1764298748036,AAPL,BUY,LIMIT,150.09,1000,1304,1100
1764298748104,AAPL,BUY,MARKET,0.0,500,1305,1054
1764298748118,AAPL,BUY,LIMIT,149.87,200,1306,1094
1764298748216,AAPL,BUY,LIMIT,149.77,5000,1307,1051
1764298748285,AAPL,SELL,LIMIT,149.91,200,1308,1025
1764298748328,AAPL,BUY,LIMIT,149.91,100,1309,1001
1764298748380,AAPL,BUY,LIMIT,149.9,500,1310,1021
1764298748400,AAPL,SELL,MARKET,0.0,200,1311,1100
1764298748470,AAPL,SELL,LIMIT,149.95,500,1312,1056
1764298748549,AAPL,BUY,LIMIT,149.91,200,1313,1022
1764298748568,AAPL,SELL,LIMIT,149.94,100,1314,1025
1764298748587,AAPL,BUY,LIMIT,149.84,200,1315,1052
1764298748661,AAPL,SELL,MARKET,0.0,2000,1316,1015
1764298748662,AAPL,BUY,LIMIT,149.84,100,1317,1018
1764298748706,AAPL,BUY,LIMIT,149.92,1000,1318,1071
1764298748740,AAPL,BUY,MARKET,0.0,100,1319,1016
1764298748831,AAPL,BUY,MARKET,0.0,500,1320,1090
1764298748879,AAPL,BUY,LIMIT,149.85,100,1321,1006
1764298748949,AAPL,SELL,LIMIT,149.85,500,1322,1036
1764298749020,AAPL,BUY,LIMIT,149.74,500,1323,1035
1764298749093,AAPL,BUY,LIMIT,149.76,500,1324,1032
1764298749162,AAPL,BUY,LIMIT,149.7,200,1325,1072
1764298749184,AAPL,BUY,LIMIT,149.68,2000,1326,1072
1764298749207,AAPL,SELL,MARKET,0.0,2000,1327,1008
1764298749289,AAPL,BUY,LIMIT,149.73,100,1328,1006
1764298749303,AAPL,SELL,LIMIT,149.75,5000,1329,1006
1764298749330,AAPL,BUY,MARKET,0.0,2000,1330,1033
1764298749339,AAPL,SELL,MARKET,0.0,1000,1331,1069
1764298749400,AAPL,SELL,LIMIT,149.75,5000,1332,1025
1764298749418,AAPL,SELL,MARKET,0.0,100,1333,1088
1764298749471,AAPL,SELL,LIMIT,149.71,5000,1334,1016
1764298749534,AAPL,SELL,LIMIT,149.57,2000,1335,1032
1764298749575,AAPL,SELL,MARKET,0.0,5000,1336,1067
1764298749674,AAPL,BUY,LIMIT,149.46,2000,1337,1044
1764298749689,AAPL,SELL,LIMIT,149.51,5000,1338,1038
1764298749730,AAPL,BUY,LIMIT,149.44,200,1339,1076
1764298749787,AAPL,SELL,LIMIT,149.54,2000,1340,1024
1764298749850,AAPL,BUY,LIMIT,149.48,2000,1341,1048
1764298749871,AAPL,SELL,LIMIT,149.63,2000,1342,1053
1764298749951,AAPL,BUY,MARKET,0.0,5000,1343,1027
1764298750044,AAPL,SELL,MARKET,0.0,1000,1344,1069
1764298750089,AAPL,SELL,LIMIT,149.55,1000,1345,1047
1764298750107,AAPL,SELL,LIMIT,149.65,500,1346,1050
1764298750129,AAPL,SELL,MARKET,0.0,5000,1347,1021
1764298750172,AAPL,SELL,LIMIT,149.62,2000,1348,1017
1764298750196,AAPL,BUY,LIMIT,149.52,5000,1349,1016
1764298750290,AAPL,BUY,LIMIT,149.48,100,1350,1083
1764298750346,AAPL,SELL,LIMIT,149.59,1000,1351,1098
1764298750434,AAPL,BUY,MARKET,0.0,200,1352,1098
1764298750468,AAPL,BUY,LIMIT,149.44,1000,1353,1024
1764298750525,AAPL,BUY,MARKET,0.0,2000,1354,1060
1764298750623,AAPL,BUY,MARKET,0.0,1000,1355,1028
1764298750694,AAPL,SELL,MARKET,0.0,500,1356,1012
1764298750739,AAPL,BUY,LIMIT,149.28,2000,1357,1082
1764298750782,AAPL,BUY,LIMIT,149.21,2000,1358,1003
1764298750792,AAPL,SELL,LIMIT,149.44,500,1359,1050
1764298750801,AAPL,SELL,MARKET,0.0,500,1360,1094
1764298750842,AAPL,SELL,LIMIT,149.26,500,1361,1005
1764298750855,AAPL,SELL,LIMIT,149.3,5000,1362,1018
1764298750875,AAPL,BUY,LIMIT,149.25,2000,1363,1013
1764298750912,AAPL,BUY,LIMIT,149.16,5000,1364,1030
1764298751009,AAPL,BUY,LIMIT,149.16,5000,1365,1050
1764298751030,AAPL,BUY,LIMIT,149.09,500,1366,1078
1764298751050,AAPL,SELL,LIMIT,149.24,200,1367,1061
1764298751067,AAPL,BUY,LIMIT,149.25,2000,1368,1002
1764298751146,AAPL,SELL,LIMIT,149.45,2000,1369,1025
1764298751217,AAPL,SELL,LIMIT,149.51,5000,1370,1080
1764298751300,AAPL,SELL,LIMIT,149.5,500,1371,1089
1764298751331,AAPL,BUY,LIMIT,149.39,1000,1372,1096
1764298751374,AAPL,SELL,LIMIT,149.43,5000,1373,1079
1764298751434,AAPL,SELL,LIMIT,149.31,5000,1374,1000
1764298751464,AAPL,SELL,LIMIT,149.32,5000,1375,1077
1764298751480,AAPL,SELL,LIMIT,149.32,1000,1376,1030
1764298751542,AAPL,BUY,LIMIT,149.3,1000,1377,1088
1764298751567,AAPL,BUY,LIMIT,149.27,200,1378,1025
1764298751604,AAPL,BUY,MARKET,0.0,200,1379,1059
1764298751638,AAPL,SELL,LIMIT,149.46,200,1380,1017
1764298751738,AAPL,SELL,LIMIT,149.37,2000,1381,1065
1764298751768,AAPL,SELL,LIMIT,149.37,1000,1382,1043
1764298751790,AAPL,SELL,LIMIT,149.36,5000,1383,1043
1764298751868,AAPL,BUY,LIMIT,149.39,5000,1384,1086
1764298751928,AAPL,BUY,LIMIT,149.39,500,1385,1094
1764298751951,AAPL,SELL,LIMIT,149.51,5000,1386,1031
1764298751998,AAPL,SELL,LIMIT,149.57,5000,1387,1011
1764298752006,AAPL,BUY,LIMIT,149.48,1000,1388,1024
1764298752016,AAPL,SELL,LIMIT,149.58,1000,1389,1092
1764298752099,AAPL,SELL,LIMIT,149.59,100,1390,1084
1764298752101,AAPL,SELL,LIMIT,149.5,500,1391,1081
1764298752189,AAPL,BUY,LIMIT,149.46,5000,1392,1048
1764298752245,AAPL,BUY,LIMIT,149.42,500,1393,1092
1764298752264,AAPL,BUY,LIMIT,149.45,5000,1394,1073
1764298752360,AAPL,BUY,LIMIT,149.42,5000,1395,1096
1764298752380,AAPL,SELL,LIMIT,149.63,100,1396,1050
1764298752398,AAPL,BUY,LIMIT,149.4,5000,1397,1073
1764298752485,AAPL,SELL,LIMIT,149.64,1000,1398,1053
1764298752531,AAPL,BUY,LIMIT,149.56,1000,1399,1089
1764298752611,AAPL,SELL,LIMIT,149.62,1000,1400,1010
1764298752645,AAPL,BUY,LIMIT,149.52,5000,1401,1060
1764298752712,AAPL,BUY,LIMIT,149.57,200,1402,1099
1764298752714,AAPL,BUY,LIMIT,149.56,2000,1403,1081
1764298752749,AAPL,SELL,MARKET,0.0,2000,1404,1011
1764298752831,AAPL,BUY,LIMIT,149.62,1000,1405,1043
1764298752906,AAPL,SELL,LIMIT,149.65,100,1406,1007
1764298752991,AAPL,BUY,LIMIT,149.67,500,1407,1074
1764298753076,AAPL,SELL,MARKET,0.0,100,1408,1009
1764298753158,AAPL,SELL,MARKET,0.0,100,1409,1010
1764298753182,AAPL,BUY,LIMIT,149.54,2000,1410,1020
1764298753216,AAPL,SELL,LIMIT,149.69,200,1411,1061
1764298753316,AAPL,SELL,LIMIT,149.6,5000,1412,1095
1764298753410,AAPL,BUY,MARKET,0.0,1000,1413,1029
1764298753426,AAPL,BUY,LIMIT,149.6,1000,1414,1014
1764298753489,AAPL,SELL,LIMIT,149.72,200,1415,1066
1764298753577,AAPL,BUY,LIMIT,149.67,100,1416,1003
1764298753590,AAPL,BUY,MARKET,0.0,1000,1417,1098
1764298753659,AAPL,BUY,LIMIT,149.78,5000,1418,1044
1764298753755,AAPL,SELL,LIMIT,149.92,500,1419,1014
1764298753795,AAPL,SELL,MARKET,0.0,1000,1420,1016
1764298753843,AAPL,SELL,LIMIT,149.88,5000,1421,1098
1764298753877,AAPL,BUY,LIMIT,149.82,200,1422,1093
1764298753946,AAPL,BUY,MARKET,0.0,5000,1423,1067
1764298754043,AAPL,SELL,MARKET,0.0,200,1424,1093
1764298754052,AAPL,BUY,LIMIT,149.77,2000,1425,1096
1764298754102,AAPL,BUY,MARKET,0.0,200,1426,1010
1764298754123,AAPL,BUY,LIMIT,149.95,200,1427,1014
1764298754212,AAPL,BUY,LIMIT,149.93,2000,1428,1080
1764298754228,AAPL,SELL,LIMIT,150.02,100,1429,1029
1764298754299,AAPL,BUY,LIMIT,149.8,2000,1430,1060
1764298754301,AAPL,SELL,LIMIT,150.01,2000,1431,1065
1764298754360,AAPL,BUY,LIMIT,149.96,1000,1432,1067
1764298754441,AAPL,SELL,LIMIT,150.19,200,1433,1007
1764298754492,AAPL,SELL,LIMIT,150.15,5000,1434,1049
1764298754563,AAPL,SELL,LIMIT,150.23,5000,1435,1011
1764298754651,AAPL,BUY,LIMIT,150.22,2000,1436,1037
1764298754724,AAPL,BUY,LIMIT,150.13,500,1437,1081
1764298754782,AAPL,BUY,LIMIT,150.08,100,1438,1087
1764298754790,AAPL,SELL,MARKET,0.0,2000,1439,1070
1764298754874,AAPL,BUY,LIMIT,150.19,200,1440,1053
1764298754891,AAPL,BUY,LIMIT,150.22,500,1441,1076
1764298754948,AAPL,SELL,LIMIT,150.38,100,1442,1019
1764298754969,AAPL,BUY,MARKET,0.0,200,1443,1093
1764298754980,AAPL,BUY,LIMIT,150.16,2000,1444,1081
1764298755072,AAPL,SELL,LIMIT,150.24,100,1445,1051
1764298755091,AAPL,SELL,LIMIT,150.26,2000,1446,1089
1764298755153,AAPL,SELL,MARKET,0.0,500,1447,1015
1764298755201,AAPL,BUY,LIMIT,150.22,200,1448,1011
1764298755241,AAPL,SELL,MARKET,0.0,2000,1449,1091
1764298755279,AAPL,BUY,MARKET,0.0,200,1450,1092
1764298755346,AAPL,BUY,LIMIT,150.25,1000,1451,1055
1764298755443,AAPL,BUY,MARKET,0.0,1000,1452,1029
1764298755448,AAPL,BUY,MARKET,0.0,5000,1453,1014
1764298755532,AAPL,BUY,LIMIT,150.35,1000,1454,1100
1764298755631,AAPL,BUY,LIMIT,150.33,2000,1455,1098
1764298755700,AAPL,SELL,LIMIT,150.5,100,1456,1032
1764298755749,AAPL,BUY,LIMIT,150.43,500,1457,1081
1764298755750,AAPL,SELL,LIMIT,150.57,2000,1458,1037
1764298755808,AAPL,SELL,LIMIT,150.51,500,1459,1048
1764298755814,AAPL,BUY,LIMIT,150.46,5000,1460,1015
1764298755892,AAPL,BUY,MARKET,0.0,200,1461,1068
1764298755919,AAPL,SELL,LIMIT,150.58,5000,1462,1081
1764298755947,AAPL,BUY,MARKET,0.0,5000,1463,1056
1764298756019,AAPL,BUY,LIMIT,150.4,5000,1464,1034
1764298756057,AAPL,BUY,LIMIT,150.33,200,1465,1048
1764298756066,AAPL,BUY,LIMIT,150.4,5000,1466,1091
1764298756069,AAPL,BUY,LIMIT,150.44,500,1467,1003
1764298756111,AAPL,SELL,LIMIT,150.65,100,1468,1070
1764298756196,AAPL,BUY,MARKET,0.0,5000,1469,1029
1764298756227,AAPL,BUY,LIMIT,150.53,2000,1470,1066
1764298756282,AAPL,SELL,LIMIT,150.75,100,1471,1040
1764298756352,AAPL,BUY,LIMIT,150.64,500,1472,1094
1764298756392,AAPL,BUY,LIMIT,150.61,1000,1473,1099
1764298756483,AAPL,BUY,LIMIT,150.71,2000,1474,1008
1764298756533,AAPL,SELL,LIMIT,150.85,1000,1475,1082
1764298756571,AAPL,BUY,LIMIT,150.72,200,1476,1007
1764298756640,AAPL,BUY,LIMIT,150.68,200,1477,1009
1764298756642,AAPL,BUY,MARKET,0.0,200,1478,1035
1764298756684,AAPL,SELL,MARKET,0.0,1000,1479,1036
1764298756721,AAPL,SELL,MARKET,0.0,1000,1480,1011
1764298756722,AAPL,BUY,LIMIT,150.67,100,1481,1045
1764298756726,AAPL,BUY,LIMIT,150.62,500,1482,1078
1764298756779,AAPL,SELL,MARKET,0.0,1000,1483,1009
1764298756813,AAPL,BUY,MARKET,0.0,5000,1484,1026
1764298756901,AAPL,BUY,LIMIT,150.69,1000,1485,1082
1764298756903,AAPL,SELL,LIMIT,150.68,2000,1486,1094
1764298756924,AAPL,SELL,MARKET,0.0,2000,1487,1018
1764298756966,AAPL,SELL,LIMIT,150.77,1000,1488,1034
1764298756977,AAPL,SELL,LIMIT,150.65,1000,1489,1095
1764298756979,AAPL,BUY,LIMIT,150.49,5000,1490,1045
1764298757010,AAPL,SELL,MARKET,0.0,500,1491,1007
1764298757073,AAPL,SELL,LIMIT,150.54,5000,1492,1064
1764298757162,AAPL,SELL,LIMIT,150.55,2000,1493,1080
1764298757198,AAPL,BUY,LIMIT,150.35,1000,1494,1037
1764298757276,AAPL,SELL,MARKET,0.0,500,1495,1038
1764298757371,AAPL,BUY,LIMIT,150.23,5000,1496,1098
1764298757466,AAPL,BUY,MARKET,0.0,1000,1497,1041
1764298757471,AAPL,SELL,LIMIT,150.45,100,1498,1003
1764298757510,AAPL,SELL,LIMIT,150.35,200,1499,1059
1764298757543,AAPL,SELL,LIMIT,150.29,2000,1500,1008
1764298757579,AAPL,SELL,LIMIT,150.17,2000,1501,1084
1764298757643,AAPL,SELL,LIMIT,150.29,1000,1502,1026
1764298757647,AAPL,BUY,LIMIT,150.24,5000,1503,1082
1764298757658,AAPL,SELL,LIMIT,150.24,1000,1504,1040
1764298757673,AAPL,BUY,LIMIT,150.09,200,1505,1016
1764298757677,AAPL,SELL,LIMIT,150.28,5000,1506,1037
1764298757710,AAPL,SELL,LIMIT,150.33,1000,1507,1001
1764298757741,AAPL,SELL,LIMIT,150.36,1000,1508,1071
1764298757819,AAPL,BUY,MARKET,0.0,5000,1509,1067
1764298757863,AAPL,BUY,LIMIT,150.26,1000,1510,1000
1764298757930,AAPL,BUY,LIMIT,150.32,100,1511,1100
1764298757951,AAPL,BUY,LIMIT,150.3,5000,1512,1072
1764298757993,AAPL,BUY,LIMIT,150.28,500,1513,1056
1764298758076,AAPL,SELL,LIMIT,150.31,5000,1514,1082
1764298758090,AAPL,SELL,LIMIT,150.29,500,1515,1076
1764298758183,AAPL,BUY,LIMIT,150.3,5000,1516,1100
1764298758275,AAPL,SELL,LIMIT,150.32,2000,1517,1098
1764298758318,AAPL,BUY,LIMIT,150.22,2000,1518,1059
1764298758352,AAPL,SELL,MARKET,0.0,500,1519,1046
1764298758363,AAPL,SELL,LIMIT,150.19,200,1520,1099
1764298758441,AAPL,SELL,LIMIT,150.24,5000,1521,1011
1764298758539,AAPL,BUY,LIMIT,150.15,1000,1522,1099
1764298758557,AAPL,SELL,LIMIT,150.41,500,1523,1020
1764298758620,AAPL,BUY,LIMIT,150.19,1000,1524,1028
1764298758656,AAPL,BUY,LIMIT,150.19,200,1525,1000
1764298758682,AAPL,SELL,LIMIT,150.36,500,1526,1096
1764298758688,AAPL,BUY,LIMIT,150.38,200,1527,1087
1764298758781,AAPL,BUY,MARKET,0.0,2000,1528,1078
1764298758872,AAPL,BUY,LIMIT,150.48,100,1529,1014
1764298758951,AAPL,BUY,LIMIT,150.45,100,1530,1051
1764298758996,AAPL,SELL,MARKET,0.0,500,1531,1001
1764298759004,AAPL,BUY,LIMIT,150.34,2000,1532,1079
1764298759008,AAPL,SELL,LIMIT,150.43,2000,1533,1052
1764298759102,AAPL,SELL,LIMIT,150.46,200,1534,1055
1764298759108,AAPL,BUY,LIMIT,150.31,1000,1535,1063
1764298759202,AAPL,SELL,LIMIT,150.35,200,1536,1075
1764298759300,AAPL,BUY,LIMIT,150.26,2000,1537,1077
1764298759387,AAPL,SELL,MARKET,0.0,5000,1538,1053
1764298759473,AAPL,SELL,MARKET,0.0,100,1539,1084
1764298759545,AAPL,SELL,LIMIT,150.2,100,1540,1013
1764298759610,AAPL,SELL,LIMIT,150.17,2000,1541,1067
1764298759707,AAPL,BUY,MARKET,0.0,5000,1542,1014
1764298759713,AAPL,SELL,LIMIT,150.3,200,1543,1055
1764298759760,AAPL,SELL,MARKET,0.0,2000,1544,1026
1764298759802,AAPL,BUY,MARKET,0.0,2000,1545,1092
1764298759828,AAPL,BUY,MARKET,0.0,500,1546,1089
1764298759846,AAPL,SELL,LIMIT,150.33,5000,1547,1045
1764298759881,AAPL,BUY,LIMIT,150.3,500,1548,1023
1764298759966,AAPL,SELL,LIMIT,150.3,5000,1549,1006
1764298760036,AAPL,BUY,LIMIT,150.12,1000,1550,1068
1764298760117,AAPL,SELL,LIMIT,150.2,2000,1551,1046
1764298760212,AAPL,SELL,MARKET,0.0,500,1552,1005
1764298760305,AAPL,BUY,LIMIT,150.04,200,1553,1052
1764298760405,AAPL,BUY,LIMIT,149.97,5000,1554,1036
1764298760472,AAPL,SELL,LIMIT,150.0,200,1555,1099
1764298760541,AAPL,SELL,LIMIT,149.92,2000,1556,1016
1764298760613,AAPL,BUY,LIMIT,149.69,1000,1557,1047
1764298760691,AAPL,BUY,LIMIT,149.64,1000,1558,1051
1764298760717,AAPL,SELL,MARKET,0.0,500,1559,1079
1764298760793,AAPL,BUY,LIMIT,149.67,500,1560,1019
1764298760850,AAPL,SELL,LIMIT,149.78,2000,1561,1076
1764298760863,AAPL,SELL,LIMIT,149.81,5000,1562,1039
1764298760921,AAPL,SELL,LIMIT,149.78,100,1563,1034
1764298760976,AAPL,SELL,LIMIT,149.75,5000,1564,1094
1764298761052,AAPL,SELL,MARKET,0.0,5000,1565,1056
1764298761112,AAPL,SELL,LIMIT,149.69,1000,1566,1074
1764298761176,AAPL,BUY,LIMIT,149.67,100,1567,1086
1764298761245,AAPL,SELL,LIMIT,149.86,1000,1568,1057
1764298761316,AAPL,BUY,LIMIT,149.73,100,1569,1059
1764298761353,AAPL,SELL,LIMIT,149.8,200,1570,1038
1764298761431,AAPL,BUY,LIMIT,149.76,100,1571,1040
1764298761501,AAPL,SELL,LIMIT,149.86,5000,1572,1050
1764298761573,AAPL,BUY,LIMIT,149.78,100,1573,1096
1764298761615,AAPL,SELL,MARKET,0.0,100,1574,1035
1764298761625,AAPL,SELL,LIMIT,149.81,500,1575,1075
1764298761654,AAPL,BUY,LIMIT,149.59,500,1576,1094
1764298761733,AAPL,BUY,LIMIT,149.68,5000,1577,1085
1764298761796,AAPL,SELL,LIMIT,149.74,500,1578,1053
1764298761817,AAPL,SELL,MARKET,0.0,500,1579,1041
1764298761874,AAPL,BUY,LIMIT,149.57,500,1580,1039
1764298761950,AAPL,BUY,LIMIT,149.51,100,1581,1005
1764298761979,AAPL,SELL,MARKET,0.0,100,1582,1021
1764298761992,AAPL,BUY,MARKET,0.0,2000,1583,1051
1764298762062,AAPL,SELL,LIMIT,149.56,2000,1584,1068
1764298762109,AAPL,SELL,LIMIT,149.62,500,1585,1078
1764298762149,AAPL,BUY,MARKET,0.0,500,1586,1006
1764298762227,AAPL,SELL,LIMIT,149.74,100,1587,1006
1764298762276,AAPL,SELL,MARKET,0.0,100,1588,1061
1764298762282,AAPL,BUY,LIMIT,149.59,2000,1589,1095
1764298762330,AAPL,BUY,LIMIT,149.52,2000,1590,1069
1764298762350,AAPL,BUY,LIMIT,149.53,500,1591,1087
1764298762450,AAPL,SELL,LIMIT,149.56,5000,1592,1006
1764298762468,AAPL,BUY,LIMIT,149.57,5000,1593,1084
1764298762521,AAPL,SELL,MARKET,0.0,5000,1594,1048
1764298762564,AAPL,BUY,LIMIT,149.51,5000,1595,1001
1764298762643,AAPL,BUY,LIMIT,149.62,1000,1596,1035
1764298762674,AAPL,BUY,LIMIT,149.65,2000,1597,1086
1764298762734,AAPL,BUY,MARKET,0.0,200,1598,1030
1764298762769,AAPL,BUY,LIMIT,149.53,500,1599,1080
1764298762837,AAPL,SELL,LIMIT,149.74,5000,1600,1033
1764298762929,AAPL,SELL,LIMIT,149.78,100,1601,1045
1764298763021,AAPL,BUY,LIMIT,149.63,2000,1602,1089
1764298763067,AAPL,BUY,LIMIT,149.56,500,1603,1033
1764298763083,AAPL,SELL,MARKET,0.0,1000,1604,1041
1764298763118,AAPL,BUY,LIMIT,149.61,5000,1605,1028
1764298763167,AAPL,BUY,LIMIT,149.66,2000,1606,1052
1764298763226,AAPL,BUY,LIMIT,149.58,200,1607,1093
1764298763288,AAPL,SELL,LIMIT,149.71,2000,1608,1059
1764298763374,AAPL,SELL,LIMIT,149.61,1000,1609,1096
1764298763453,AAPL,BUY,LIMIT,149.53,200,1610,1036
1764298763511,AAPL,BUY,LIMIT,149.54,500,1611,1004
1764298763545,AAPL,BUY,MARKET,0.0,500,1612,1043
1764298763642,AAPL,SELL,LIMIT,149.71,100,1613,1049
1764298763666,AAPL,BUY,LIMIT,149.67,1000,1614,1029
1764298763680,AAPL,BUY,LIMIT,149.69,100,1615,1013
1764298763686,AAPL,SELL,MARKET,0.0,100,1616,1074
1764298763729,AAPL,BUY,MARKET,0.0,200,1617,1009
1764298763741,AAPL,BUY,LIMIT,149.91,2000,1618,1090
1764298763761,AAPL,SELL,LIMIT,150.01,1000,1619,1067
1764298763847,AAPL,BUY,LIMIT,149.87,500,1620,1082
1764298763923,AAPL,BUY,LIMIT,149.74,100,1621,1071
1764298763986,AAPL,SELL,LIMIT,149.91,200,1622,1088
1764298764049,AAPL,BUY,LIMIT,149.86,5000,1623,1098
1764298764069,AAPL,SELL,LIMIT,149.86,1000,1624,1087
1764298764093,AAPL,SELL,LIMIT,149.98,2000,1625,1036
1764298764136,AAPL,SELL,LIMIT,150.07,100,1626,1061
1764298764205,AAPL,BUY,LIMIT,149.91,5000,1627,1092
1764298764241,AAPL,BUY,LIMIT,149.91,100,1628,1012
1764298764279,AAPL,SELL,LIMIT,149.97,5000,1629,1035
1764298764327,AAPL,SELL,LIMIT,150.0,2000,1630,1017
1764298764398,AAPL,SELL,LIMIT,150.03,5000,1631,1100
1764298764454,AAPL,SELL,LIMIT,149.97,100,1632,1013
1764298764494,AAPL,SELL,LIMIT,150.01,1000,1633,1046
1764298764592,AAPL,SELL,LIMIT,150.02,500,1634,1066
1764298764664,AAPL,BUY,LIMIT,150.01,1000,1635,1099
1764298764754,AAPL,SELL,LIMIT,149.97,100,1636,1068
1764298764841,AAPL,SELL,MARKET,0.0,200,1637,1005
1764298764882,AAPL,SELL,LIMIT,149.95,500,1638,1073
1764298764900,AAPL,BUY,LIMIT,149.92,200,1639,1032
1764298764982,AAPL,SELL,LIMIT,150.1,500,1640,1089
1764298765073,AAPL,SELL,LIMIT,150.11,100,1641,1024
1764298765151,AAPL,BUY,MARKET,0.0,100,1642,1009
1764298765171,AAPL,BUY,LIMIT,150.13,200,1643,1007
1764298765230,AAPL,BUY,MARKET,0.0,500,1644,1089
1764298765269,AAPL,SELL,MARKET,0.0,1000,1645,1067
1764298765363,AAPL,BUY,LIMIT,150.21,500,1646,1079
1764298765370,AAPL,SELL,LIMIT,150.31,500,1647,1070
1764298765413,AAPL,SELL,MARKET,0.0,5000,1648,1079
1764298765453,AAPL,BUY,LIMIT,150.33,200,1649,1024
1764298765486,AAPL,BUY,LIMIT,150.25,2000,1650,1069
1764298765572,AAPL,SELL,LIMIT,150.34,5000,1651,1002
1764298765613,AAPL,BUY,LIMIT,150.22,5000,1652,1054
1764298765652,AAPL,SELL,LIMIT,150.24,5000,1653,1084
1764298765720,AAPL,SELL,LIMIT,150.32,200,1654,1071
1764298765762,AAPL,BUY,LIMIT,150.17,5000,1655,1096
1764298765771,AAPL,SELL,LIMIT,150.42,2000,1656,1035
1764298765855,AAPL,BUY,LIMIT,150.34,200,1657,1036
1764298765877,AAPL,SELL,LIMIT,150.55,500,1658,1057
1764298765950,AAPL,BUY,LIMIT,150.42,2000,1659,1021
1764298765995,AAPL,BUY,LIMIT,150.38,2000,1660,1009
1764298766020,AAPL,BUY,LIMIT,150.38,500,1661,1062
1764298766080,AAPL,SELL,LIMIT,150.41,100,1662,1072
1764298766119,AAPL,BUY,LIMIT,150.28,1000,1663,1086
1764298766147,AAPL,BUY,MARKET,0.0,1000,1664,1100
1764298766209,AAPL,SELL,LIMIT,150.48,5000,1665,1083
1764298766214,AAPL,BUY,LIMIT,150.34,100,1666,1031
1764298766245,AAPL,SELL,LIMIT,150.41,100,1667,1008
1764298766294,AAPL,SELL,LIMIT,150.43,100,1668,1099
1764298766313,AAPL,BUY,LIMIT,150.26,1000,1669,1044
1764298766361,AAPL,SELL,LIMIT,150.49,500,1670,1031
1764298766431,AAPL,SELL,LIMIT,150.39,1000,1671,1060
1764298766499,AAPL,BUY,MARKET,0.0,5000,1672,1085
1764298766553,AAPL,BUY,MARKET,0.0,500,1673,1082
1764298766594,AAPL,SELL,LIMIT,150.39,500,1674,1063
1764298766677,AAPL,SELL,LIMIT,150.48,1000,1675,1062
1764298766727,AAPL,SELL,LIMIT,150.47,100,1676,1061
1764298766776,AAPL,SELL,LIMIT,150.49,5000,1677,1063
1764298766828,AAPL,BUY,LIMIT,150.47,2000,1678,1000
1764298766867,AAPL,SELL,LIMIT,150.43,2000,1679,1081
1764298766927,AAPL,BUY,LIMIT,150.41,2000,1680,1005
1764298767009,AAPL,SELL,LIMIT,150.65,100,1681,1072
1764298767042,AAPL,SELL,LIMIT,150.6,200,1682,1097
1764298767097,AAPL,BUY,LIMIT,150.54,1000,1683,1091
1764298767193,AAPL,SELL,LIMIT,150.62,100,1684,1006
1764298767220,AAPL,BUY,LIMIT,150.49,500,1685,1016
1764298767260,AAPL,BUY,LIMIT,150.49,500,1686,1068
1764298767273,AAPL,BUY,LIMIT,150.43,2000,1687,1093
1764298767373,AAPL,BUY,LIMIT,150.44,5000,1688,1093
1764298767395,AAPL,BUY,LIMIT,150.45,5000,1689,1054
1764298767450,AAPL,BUY,LIMIT,150.44,200,1690,1053
1764298767502,AAPL,SELL,LIMIT,150.65,2000,1691,1027
1764298767582,AAPL,SELL,LIMIT,150.69,500,1692,1040
1764298767643,AAPL,SELL,LIMIT,150.67,2000,1693,1058
1764298767685,AAPL,SELL,LIMIT,150.6,500,1694,1029
1764298767721,AAPL,BUY,LIMIT,150.53,5000,1695,1041
1764298767747,AAPL,SELL,LIMIT,150.65,100,1696,1044
1764298767777,AAPL,BUY,LIMIT,150.57,500,1697,1049
1764298767783,AAPL,BUY,LIMIT,150.6,500,1698,1045
1764298767824,AAPL,SELL,MARKET,0.0,2000,1699,1081
1764298767860,AAPL,SELL,LIMIT,150.81,100,1700,1077
1764298767875,AAPL,SELL,LIMIT,150.84,100,1701,1028
1764298767958,AAPL,SELL,LIMIT,150.91,500,1702,1058
1764298768039,AAPL,SELL,LIMIT,150.9,5000,1703,1039
1764298768109,AAPL,SELL,LIMIT,150.87,5000,1704,1002
1764298768146,AAPL,SELL,LIMIT,150.79,200,1705,1060
1764298768246,AAPL,SELL,MARKET,0.0,2000,1706,1100
1764298768259,AAPL,SELL,LIMIT,150.78,2000,1707,1012
1764298768321,AAPL,BUY,LIMIT,150.62,200,1708,1088
1764298768348,AAPL,BUY,LIMIT,150.69,2000,1709,1081
1764298768406,AAPL,SELL,LIMIT,150.77,2000,1710,1076
1764298768502,AAPL,SELL,MARKET,0.0,2000,1711,1030
1764298768508,AAPL,SELL,MARKET,0.0,500,1712,1095
1764298768571,AAPL,BUY,LIMIT,150.43,1000,1713,1003
1764298768628,AAPL,BUY,LIMIT,150.43,200,1714,1049
1764298768726,AAPL,SELL,LIMIT,150.61,500,1715,1027
1764298768781,AAPL,BUY,LIMIT,150.44,100,1716,1058
1764298768788,AAPL,BUY,LIMIT,150.52,200,1717,1040
1764298768834,AAPL,BUY,MARKET,0.0,200,1718,1055
1764298768853,AAPL,SELL,LIMIT,150.7,5000,1719,1061
1764298768941,AAPL,SELL,LIMIT,150.61,200,1720,1061
1764298768942,AAPL,BUY,LIMIT,150.55,5000,1721,1038
1764298769019,AAPL,SELL,LIMIT,150.61,5000,1722,1070
1764298769114,AAPL,SELL,MARKET,0.0,1000,1723,1008
1764298769153,AAPL,SELL,LIMIT,150.67,500,1724,1028
1764298769194,AAPL,BUY,LIMIT,150.58,5000,1725,1044
1764298769289,AAPL,BUY,LIMIT,150.65,1000,1726,1002
1764298769340,AAPL,SELL,LIMIT,150.83,100,1727,1026
1764298769407,AAPL,BUY,LIMIT,150.67,1000,1728,1012
1764298769433,AAPL,SELL,LIMIT,150.86,100,1729,1001
1764298769523,AAPL,SELL,LIMIT,150.92,5000,1730,1020
1764298769546,AAPL,BUY,MARKET,0.0,200,1731,1002
1764298769574,AAPL,SELL,LIMIT,151.02,2000,1732,1067
1764298769664,AAPL,BUY,LIMIT,150.86,2000,1733,1015
1764298769714,AAPL,BUY,LIMIT,150.8,1000,1734,1015
1764298769781,AAPL,SELL,LIMIT,150.76,100,1735,1005
1764298769852,AAPL,SELL,LIMIT,150.75,500,1736,1093
1764298769940,AAPL,SELL,LIMIT,150.77,100,1737,1054
1764298770032,AAPL,BUY,LIMIT,150.63,500,1738,1082
1764298770092,AAPL,SELL,LIMIT,150.76,100,1739,1010
1764298770173,AAPL,SELL,MARKET,0.0,500,1740,1071
1764298770232,AAPL,BUY,LIMIT,150.6,5000,1741,1083
1764298770275,AAPL,SELL,LIMIT,150.66,500,1742,1062
1764298770341,AAPL,SELL,LIMIT,150.75,500,1743,1073
1764298770440,AAPL,SELL,LIMIT,150.69,5000,1744,1057
1764298770443,AAPL,BUY,LIMIT,150.53,5000,1745,1051
1764298770523,AAPL,BUY,LIMIT,150.55,5000,1746,1072
1764298770533,AAPL,SELL,MARKET,0.0,100,1747,1010
1764298770542,AAPL,SELL,LIMIT,150.54,200,1748,1096
1764298770588,AAPL,SELL,MARKET,0.0,100,1749,1038
1764298770610,AAPL,SELL,LIMIT,150.7,2000,1750,1099
1764298770648,AAPL,SELL,LIMIT,150.67,200,1751,1013
1764298770683,AAPL,BUY,LIMIT,150.66,500,1752,1028
1764298770693,AAPL,SELL,LIMIT,150.62,500,1753,1018
1764298770782,AAPL,BUY,MARKET,0.0,500,1754,1084
1764298770821,AAPL,BUY,LIMIT,150.68,1000,1755,1049
1764298770911,AAPL,BUY,LIMIT,150.61,500,1756,1017
1764298770989,AAPL,SELL,MARKET,0.0,100,1757,1037
1764298771089,AAPL,BUY,LIMIT,150.58,5000,1758,1072
1764298771113,AAPL,SELL,LIMIT,150.83,500,1759,1052
1764298771190,AAPL,BUY,LIMIT,150.7,5000,1760,1053
1764298771257,AAPL,SELL,LIMIT,150.77,1000,1761,1081
1764298771276,AAPL,BUY,LIMIT,150.62,1000,1762,1047
1764298771329,AAPL,SELL,LIMIT,150.66,500,1763,1006
1764298771335,AAPL,BUY,MARKET,0.0,2000,1764,1049
1764298771346,AAPL,BUY,LIMIT,150.57,5000,1765,1053
1764298771413,AAPL,SELL,LIMIT,150.76,1000,1766,1047
1764298771438,AAPL,BUY,MARKET,0.0,200,1767,1060
1764298771480,AAPL,SELL,LIMIT,150.92,5000,1768,1074
1764298771506,AAPL,BUY,LIMIT,150.9,100,1769,1090
1764298771573,AAPL,BUY,LIMIT,150.85,1000,1770,1095
1764298771593,AAPL,SELL,LIMIT,151.04,2000,1771,1034
1764298771615,AAPL,SELL,MARKET,0.0,500,1772,1026
1764298771670,AAPL,SELL,LIMIT,150.89,500,1773,1077
1764298771757,AAPL,BUY,MARKET,0.0,200,1774,1043
1764298771765,AAPL,SELL,LIMIT,150.87,1000,1775,1039
1764298771856,AAPL,BUY,LIMIT,150.76,200,1776,1079
1764298771950,AAPL,BUY,LIMIT,150.76,1000,1777,1018
1764298771972,AAPL,SELL,LIMIT,150.77,100,1778,1038
1764298772009,AAPL,BUY,LIMIT,150.74,5000,1779,1010
1764298772077,AAPL,SELL,LIMIT,150.9,200,1780,1079
1764298772091,AAPL,SELL,LIMIT,150.93,2000,1781,1089
1764298772181,AAPL,SELL,LIMIT,150.88,1000,1782,1004
1764298772207,AAPL,SELL,LIMIT,150.87,1000,1783,1066
1764298772212,AAPL,SELL,LIMIT,150.78,100,1784,1060
1764298772224,AAPL,SELL,LIMIT,150.77,500,1785,1071
1764298772296,AAPL,SELL,MARKET,0.0,100,1786,1029
1764298772316,AAPL,SELL,LIMIT,150.71,1000,1787,1009
1764298772406,AAPL,BUY,MARKET,0.0,2000,1788,1001
1764298772494,AAPL,BUY,LIMIT,150.65,1000,1789,1034
1764298772503,AAPL,BUY,LIMIT,150.62,1000,1790,1017
1764298772534,AAPL,BUY,MARKET,0.0,5000,1791,1020
1764298772611,AAPL,BUY,MARKET,0.0,5000,1792,1017
1764298772646,AAPL,SELL,LIMIT,150.82,500,1793,1057
1764298772660,AAPL,SELL,MARKET,0.0,1000,1794,1071
1764298772692,AAPL,SELL,LIMIT,150.71,1000,1795,1038
1764298772788,AAPL,SELL,LIMIT,150.84,500,1796,1096
1764298772842,AAPL,SELL,LIMIT,150.79,100,1797,1046
1764298772851,AAPL,BUY,LIMIT,150.74,200,1798,1023
1764298772882,AAPL,BUY,LIMIT,150.62,100,1799,1082
1764298772913,AAPL,BUY,LIMIT,150.59,5000,1800,1091
1764298772977,AAPL,SELL,LIMIT,150.67,5000,1801,1037
1764298773050,AAPL,BUY,LIMIT,150.67,200,1802,1096
1764298773145,AAPL,BUY,LIMIT,150.67,1000,1803,1039
1764298773187,AAPL,SELL,LIMIT,150.9,100,1804,1021
1764298773232,AAPL,SELL,LIMIT,150.85,500,1805,1076
1764298773269,AAPL,BUY,LIMIT,150.72,1000,1806,1084
1764298773293,AAPL,BUY,MARKET,0.0,2000,1807,1046
1764298773311,AAPL,BUY,LIMIT,150.69,5000,1808,1034
1764298773330,AAPL,BUY,MARKET,0.0,2000,1809,1091
1764298773359,AAPL,SELL,LIMIT,150.86,200,1810,1017
1764298773376,AAPL,SELL,LIMIT,150.94,200,1811,1086
1764298773442,AAPL,SELL,LIMIT,150.96,100,1812,1004
1764298773457,AAPL,SELL,MARKET,0.0,5000,1813,1034
1764298773485,AAPL,BUY,LIMIT,150.84,2000,1814,1022
1764298773578,AAPL,BUY,LIMIT,150.72,200,1815,1004
1764298773678,AAPL,SELL,LIMIT,150.75,200,1816,1010
1764298773704,AAPL,BUY,LIMIT,150.72,1000,1817,1008
1764298773802,AAPL,SELL,LIMIT,150.9,2000,1818,1003
1764298773815,AAPL,BUY,LIMIT,150.76,200,1819,1018
1764298773908,AAPL,SELL,MARKET,0.0,500,1820,1062
1764298774007,AAPL,SELL,LIMIT,150.93,500,1821,1053
1764298774086,AAPL,SELL,LIMIT,150.89,5000,1822,1081
1764298774186,AAPL,BUY,LIMIT,150.91,1000,1823,1074
1764298774245,AAPL,BUY,LIMIT,150.96,200,1824,1097
1764298774306,AAPL,SELL,LIMIT,151.04,200,1825,1003
1764298774339,AAPL,BUY,LIMIT,150.89,100,1826,1091
1764298774437,AAPL,BUY,LIMIT,150.96,500,1827,1017
1764298774462,AAPL,BUY,MARKET,0.0,1000,1828,1051
1764298774520,AAPL,BUY,LIMIT,150.99,500,1829,1078
1764298774539,AAPL,BUY,LIMIT,150.9,100,1830,1030
1764298774585,AAPL,SELL,LIMIT,150.96,5000,1831,1070
1764298774632,AAPL,BUY,LIMIT,150.96,1000,1832,1058
1764298774684,AAPL,SELL,LIMIT,150.95,100,1833,1066
1764298774699,AAPL,BUY,LIMIT,150.81,5000,1834,1093
1764298774796,AAPL,BUY,LIMIT,150.92,5000,1835,1099
1764298774817,AAPL,BUY,MARKET,0.0,500,1836,1044
1764298774829,AAPL,BUY,LIMIT,150.78,100,1837,1024
1764298774918,AAPL,SELL,LIMIT,150.95,200,1838,1065
1764298774962,AAPL,SELL,LIMIT,150.87,500,1839,1032
1764298774978,AAPL,SELL,LIMIT,150.93,2000,1840,1076
1764298775051,AAPL,BUY,LIMIT,150.78,500,1841,1012
1764298775097,AAPL,BUY,LIMIT,150.79,100,1842,1012
1764298775193,AAPL,SELL,LIMIT,150.97,2000,1843,1083
1764298775293,AAPL,BUY,LIMIT,150.84,2000,1844,1083
1764298775325,AAPL,BUY,LIMIT,150.72,1000,1845,1054
1764298775390,AAPL,BUY,MARKET,0.0,2000,1846,1052
1764298775449,AAPL,BUY,LIMIT,150.6,1000,1847,1015
1764298775502,AAPL,BUY,LIMIT,150.58,200,1848,1067
1764298775513,AAPL,BUY,LIMIT,150.64,200,1849,1071
1764298775597,AAPL,BUY,MARKET,0.0,500,1850,1038
1764298775650,AAPL,BUY,MARKET,0.0,2000,1851,1071
1764298775704,AAPL,BUY,LIMIT,150.67,1000,1852,1059
1764298775789,AAPL,BUY,LIMIT,150.56,200,1853,1045
1764298775815,AAPL,BUY,LIMIT,150.54,5000,1854,1046
1764298775869,AAPL,BUY,LIMIT,150.59,5000,1855,1015
1764298775877,AAPL,SELL,LIMIT,150.72,500,1856,1030
1764298775905,AAPL,SELL,LIMIT,150.83,200,1857,1004
1764298775994,AAPL,SELL,MARKET,0.0,5000,1858,1030
1764298776038,AAPL,SELL,LIMIT,150.75,500,1859,1084
1764298776044,AAPL,SELL,LIMIT,150.81,1000,1860,1074
1764298776062,AAPL,BUY,MARKET,0.0,2000,1861,1068
1764298776157,AAPL,SELL,LIMIT,150.82,200,1862,1041
1764298776213,AAPL,BUY,LIMIT,150.78,100,1863,1070
1764298776295,AAPL,BUY,LIMIT,150.82,5000,1864,1083
1764298776346,AAPL,BUY,LIMIT,150.9,200,1865,1009
1764298776363,AAPL,SELL,MARKET,0.0,100,1866,1075
1764298776401,AAPL,SELL,LIMIT,150.91,500,1867,1013
1764298776421,AAPL,BUY,MARKET,0.0,5000,1868,1010
1764298776505,AAPL,BUY,LIMIT,150.82,5000,1869,1053
1764298776604,AAPL,BUY,LIMIT,150.78,500,1870,1072
1764298776691,AAPL,BUY,LIMIT,150.87,100,1871,1031
1764298776733,AAPL,BUY,LIMIT,150.8,200,1872,1036
1764298776748,AAPL,SELL,LIMIT,150.91,1000,1873,1071
1764298776833,AAPL,SELL,LIMIT,150.87,5000,1874,1000
1764298776900,AAPL,SELL,MARKET,0.0,100,1875,1057
1764298776995,AAPL,SELL,MARKET,0.0,500,1876,1029
1764298777029,AAPL,BUY,LIMIT,150.8,5000,1877,1061
1764298777113,AAPL,BUY,LIMIT,150.88,5000,1878,1051
1764298777156,AAPL,SELL,LIMIT,151.02,100,1879,1012
1764298777171,AAPL,SELL,LIMIT,151.09,2000,1880,1051
1764298777195,AAPL,BUY,LIMIT,150.88,2000,1881,1017
1764298777243,AAPL,BUY,LIMIT,150.93,200,1882,1012
1764298777282,AAPL,BUY,LIMIT,150.98,500,1883,1073
1764298777362,AAPL,BUY,LIMIT,150.97,5000,1884,1056
1764298777419,AAPL,BUY,MARKET,0.0,500,1885,1007
1764298777465,AAPL,BUY,LIMIT,150.86,100,1886,1084
1764298777471,AAPL,BUY,LIMIT,150.83,2000,1887,1083
1764298777558,AAPL,BUY,LIMIT,150.85,100,1888,1012
1764298777614,AAPL,SELL,MARKET,0.0,1000,1889,1094
1764298777648,AAPL,BUY,MARKET,0.0,500,1890,1039
1764298777705,AAPL,SELL,LIMIT,150.95,100,1891,1098
1764298777765,AAPL,BUY,LIMIT,150.88,100,1892,1069
1764298777781,AAPL,SELL,LIMIT,151.01,1000,1893,1007
1764298777845,AAPL,BUY,LIMIT,150.93,500,1894,1085
1764298777945,AAPL,SELL,LIMIT,151.02,1000,1895,1087
1764298777974,AAPL,BUY,LIMIT,150.95,500,1896,1052
1764298778072,AAPL,BUY,LIMIT,151.04,200,1897,1057
1764298778152,AAPL,SELL,LIMIT,151.19,500,1898,1059
1764298778167,AAPL,BUY,LIMIT,151.06,500,1899,1041
1764298778223,AAPL,BUY,LIMIT,151.03,500,1900,1064
1764298778243,AAPL,BUY,LIMIT,151.03,2000,1901,1072
1764298778305,AAPL,BUY,LIMIT,150.98,100,1902,1015
1764298778328,AAPL,SELL,LIMIT,151.03,100,1903,1078
1764298778405,AAPL,BUY,LIMIT,150.96,5000,1904,1024
1764298778459,AAPL,BUY,LIMIT,150.98,2000,1905,1005
1764298778517,AAPL,SELL,LIMIT,151.09,5000,1906,1061
1764298778567,AAPL,BUY,LIMIT,151.0,100,1907,1020
1764298778640,AAPL,SELL,LIMIT,151.15,2000,1908,1076
1764298778738,AAPL,BUY,LIMIT,150.93,2000,1909,1054
1764298778741,AAPL,BUY,LIMIT,151.01,100,1910,1082
1764298778828,AAPL,SELL,LIMIT,151.1,100,1911,1038
1764298778870,AAPL,SELL,LIMIT,151.13,100,1912,1031
1764298778926,AAPL,BUY,LIMIT,150.99,200,1913,1077
1764298778975,AAPL,BUY,LIMIT,150.97,5000,1914,1032
1764298779039,AAPL,SELL,LIMIT,151.0,2000,1915,1051
1764298779124,AAPL,BUY,LIMIT,150.88,500,1916,1090
1764298779176,AAPL,BUY,MARKET,0.0,1000,1917,1099
1764298779260,AAPL,BUY,LIMIT,150.82,5000,1918,1002
1764298779343,AAPL,BUY,LIMIT,150.81,500,1919,1013
1764298779348,AAPL,SELL,LIMIT,150.87,5000,1920,1047
1764298779446,AAPL,SELL,LIMIT,150.95,5000,1921,1000
1764298779519,AAPL,SELL,LIMIT,150.81,2000,1922,1029
1764298779561,AAPL,SELL,LIMIT,150.85,1000,1923,1100
1764298779613,AAPL,BUY,LIMIT,150.59,2000,1924,1075
1764298779667,AAPL,SELL,MARKET,0.0,5000,1925,1053
1764298779734,AAPL,SELL,LIMIT,150.8,5000,1926,1094
1764298779821,AAPL,SELL,LIMIT,150.85,1000,1927,1036
1764298779875,AAPL,SELL,LIMIT,150.92,200,1928,1002
1764298779950,AAPL,BUY,MARKET,0.0,1000,1929,1047
1764298779968,AAPL,BUY,LIMIT,150.73,1000,1930,1005
1764298780063,AAPL,SELL,LIMIT,150.88,500,1931,1024
1764298780075,AAPL,SELL,LIMIT,151.0,1000,1932,1087
1764298780149,AAPL,BUY,MARKET,0.0,100,1933,1035
1764298780185,AAPL,BUY,LIMIT,150.76,2000,1934,1017
1764298780277,AAPL,BUY,LIMIT,150.79,200,1935,1063
1764298780331,AAPL,BUY,LIMIT,150.9,200,1936,1045
1764298780415,AAPL,SELL,LIMIT,151.02,100,1937,1011
1764298780496,AAPL,SELL,LIMIT,151.07,1000,1938,1053
1764298780589,AAPL,BUY,LIMIT,150.91,200,1939,1056
1764298780655,AAPL,BUY,LIMIT,150.97,1000,1940,1085
1764298780715,AAPL,BUY,LIMIT,150.88,2000,1941,1070
1764298780716,AAPL,SELL,LIMIT,150.97,2000,1942,1093
1764298780793,AAPL,BUY,MARKET,0.0,200,1943,1015
1764298780882,AAPL,BUY,LIMIT,150.9,500,1944,1037
1764298780941,AAPL,BUY,LIMIT,150.88,500,1945,1047
1764298781037,AAPL,SELL,LIMIT,150.91,200,1946,1012
1764298781068,AAPL,BUY,LIMIT,150.85,5000,1947,1003
1764298781075,AAPL,BUY,MARKET,0.0,5000,1948,1001
1764298781078,AAPL,BUY,MARKET,0.0,1000,1949,1029
1764298781091,AAPL,SELL,LIMIT,151.01,500,1950,1092
1764298781120,AAPL,BUY,LIMIT,150.97,2000,1951,1004
1764298781152,AAPL,SELL,LIMIT,151.12,200,1952,1050
1764298781236,AAPL,SELL,LIMIT,151.13,5000,1953,1081
1764298781244,AAPL,BUY,LIMIT,150.99,100,1954,1011
1764298781303,AAPL,BUY,LIMIT,150.88,500,1955,1063
1764298781366,AAPL,SELL,LIMIT,151.1,1000,1956,1072
1764298781370,AAPL,SELL,LIMIT,151.11,2000,1957,1033
1764298781432,AAPL,SELL,MARKET,0.0,500,1958,1019
1764298781456,AAPL,BUY,LIMIT,150.83,2000,1959,1021
1764298781527,AAPL,SELL,LIMIT,151.0,5000,1960,1089
