timestamp,symbol,side,order_type,price,quantity,order_id,trader_id
1764298933646,MSFT,BUY,LIMIT,149.9,100,1,1071
1764298933675,MSFT,SELL,LIMIT,149.96,100,2,1065
1764298933697,MSFT,SELL,LIMIT,149.92,2000,3,1000
1764298933777,MSFT,SELL,LIMIT,149.91,5000,4,1046
1764298933859,MSFT,BUY,LIMIT,149.9,200,5,1014
1764298933900,MSFT,BUY,LIMIT,149.88,1000,6,1098
1764298933992,MSFT,BUY,LIMIT,150.01,5000,7,1050
1764298934075,MSFT,SELL,MARKET,0.0,200,8,1089
1764298934142,MSFT,BUY,MARKET,0.0,500,9,1004
1764298934174,MSFT,BUY,LIMIT,149.82,5000,10,1085
1764298934189,MSFT,SELL,LIMIT,149.84,100,11,1098
1764298934269,MSFT,BUY,LIMIT,149.67,1000,12,1092
1764298934302,MSFT,SELL,MARKET,0.0,5000,13,1058
1764298934387,MSFT,SELL,MARKET,0.0,100,14,1000
1764298934463,MSFT,SELL,LIMIT,149.7,100,15,1019
1764298934549,MSFT,BUY,LIMIT,149.56,5000,16,1014
1764298934605,MSFT,SELL,LIMIT,149.63,1000,17,1092
1764298934630,MSFT,BUY,LIMIT,149.5,500,18,1081
1764298934639,MSFT,BUY,LIMIT,149.34,2000,19,1095
1764298934675,MSFT,SELL,LIMIT,149.48,5000,20,1031
1764298934696,MSFT,BUY,LIMIT,149.34,5000,21,1097
1764298934787,MSFT,BUY,LIMIT,149.23,5000,22,1078
1764298934816,MSFT,SELL,MARKET,0.0,5000,23,1050
1764298934840,MSFT,BUY,MARKET,0.0,5000,24,1083
1764298934931,MSFT,BUY,LIMIT,149.16,200,25,1006
1764298934991,MSFT,BUY,LIMIT,149.22,5000,26,1018
1764298935003,MSFT,BUY,LIMIT,149.21,100,27,1018
1764298935103,MSFT,SELL,LIMIT,149.37,1000,28,1026
1764298935166,MSFT,BUY,LIMIT,149.3,2000,29,1087
1764298935198,MSFT,BUY,MARKET,0.0,2000,30,1059
1764298935282,MSFT,BUY,LIMIT,149.27,200,31,1014
1764298935324,MSFT,BUY,MARKET,0.0,1000,32,1026
1764298935342,MSFT,SELL,MARKET,0.0,100,33,1043
1764298935406,MSFT,BUY,LIMIT,149.38,2000,34,1061
1764298935449,MSFT,SELL,LIMIT,149.56,200,35,1052
1764298935511,MSFT,SELL,LIMIT,149.55,2000,36,1081
1764298935541,MSFT,SELL,LIMIT,149.5,100,37,1003
1764298935613,MSFT,BUY,LIMIT,149.4,2000,38,1012
1764298935638,MSFT,SELL,LIMIT,149.51,2000,39,1014
1764298935658,MSFT,SELL,MARKET,0.0,2000,40,1076
1764298935737,MSFT,SELL,LIMIT,149.48,2000,41,1037
1764298935767,MSFT,BUY,LIMIT,149.43,1000,42,1024
1764298935783,MSFT,BUY,LIMIT,149.45,5000,43,1012
1764298935882,MSFT,BUY,LIMIT,149.56,2000,44,1032
1764298935904,MSFT,SELL,LIMIT,149.54,1000,45,1045
1764298935950,MSFT,SELL,LIMIT,149.62,500,46,1068
1764298935970,MSFT,BUY,LIMIT,149.42,2000,47,1044
1764298936027,MSFT,BUY,LIMIT,149.28,100,48,1003
1764298936119,MSFT,SELL,LIMIT,149.44,200,49,1054
1764298936147,MSFT,BUY,MARKET,0.0,500,50,1011
1764298936149,MSFT,SELL,LIMIT,149.47,1000,51,1094
1764298936203,MSFT,BUY,LIMIT,149.37,500,52,1094
1764298936215,MSFT,BUY,LIMIT,149.32,2000,53,1087
1764298936255,MSFT,SELL,LIMIT,149.53,1000,54,1001
1764298936318,MSFT,BUY,LIMIT,149.46,100,55,1020
1764298936384,MSFT,BUY,LIMIT,149.45,5000,56,1023
1764298936414,MSFT,SELL,LIMIT,149.64,5000,57,1056
1764298936420,MSFT,BUY,LIMIT,149.53,100,58,1074
1764298936473,MSFT,SELL,MARKET,0.0,200,59,1041
1764298936553,MSFT,SELL,LIMIT,149.56,2000,60,1068
1764298936638,MSFT,BUY,LIMIT,149.51,500,61,1056
1764298936658,MSFT,SELL,LIMIT,149.68,200,62,1063
1764298936747,MSFT,BUY,LIMIT,149.56,100,63,1056
1764298936753,MSFT,SELL,LIMIT,149.78,5000,64,1081
1764298936756,MSFT,SELL,MARKET,0.0,5000,65,1066
1764298936781,MSFT,SELL,LIMIT,149.73,2000,66,1070
1764298936853,MSFT,SELL,MARKET,0.0,100,67,1022
1764298936884,MSFT,BUY,LIMIT,149.6,100,68,1047
1764298936959,MSFT,SELL,LIMIT,149.67,1000,69,1000
1764298936997,MSFT,BUY,MARKET,0.0,200,70,1041
1764298937091,MSFT,BUY,LIMIT,149.6,1000,71,1098
1764298937111,MSFT,SELL,LIMIT,149.79,200,72,1048
1764298937136,MSFT,BUY,LIMIT,149.52,100,73,1026
1764298937189,MSFT,SELL,LIMIT,149.76,1000,74,1099
1764298937280,MSFT,BUY,LIMIT,149.73,200,75,1049
1764298937320,MSFT,BUY,LIMIT,149.77,1000,76,1060
1764298937402,MSFT,BUY,LIMIT,149.79,500,77,1044
1764298937410,MSFT,SELL,LIMIT,149.92,200,78,1017
1764298937434,MSFT,BUY,LIMIT,149.78,5000,79,1028
1764298937446,MSFT,BUY,LIMIT,149.85,100,80,1051
1764298937543,MSFT,SELL,LIMIT,150.0,1000,81,1029
1764298937553,MSFT,SELL,LIMIT,150.1,200,82,1097
1764298937622,MSFT,SELL,LIMIT,150.11,1000,83,1008
1764298937648,MSFT,SELL,LIMIT,150.15,500,84,1020
1764298937683,MSFT,BUY,LIMIT,150.04,5000,85,1001
1764298937712,MSFT,SELL,LIMIT,150.17,200,86,1082
1764298937751,MSFT,BUY,LIMIT,150.03,2000,87,1099
1764298937832,MSFT,BUY,LIMIT,149.92,100,88,1069
1764298937863,MSFT,BUY,LIMIT,149.84,200,89,1049
1764298937941,MSFT,BUY,LIMIT,149.75,100,90,1067
1764298937995,MSFT,BUY,LIMIT,149.79,2000,91,1097
1764298938083,MSFT,SELL,LIMIT,149.8,100,92,1000
1764298938177,MSFT,BUY,LIMIT,149.75,1000,93,1079
1764298938272,MSFT,BUY,LIMIT,149.8,2000,94,1084
1764298938346,MSFT,BUY,LIMIT,149.81,500,95,1065
1764298938388,MSFT,SELL,LIMIT,149.92,5000,96,1044
1764298938453,MSFT,BUY,LIMIT,149.88,5000,97,1034
1764298938483,MSFT,BUY,MARKET,0.0,5000,98,1095
1764298938496,MSFT,SELL,LIMIT,150.08,200,99,1076
1764298938560,MSFT,BUY,LIMIT,149.97,200,100,1100
1764298938646,MSFT,BUY,LIMIT,149.94,2000,101,1061
1764298938669,MSFT,BUY,LIMIT,149.9,5000,102,1049
1764298938767,MSFT,BUY,LIMIT,149.9,500,103,1080
1764298938864,MSFT,BUY,LIMIT,149.84,100,104,1041
1764298938932,MSFT,BUY,LIMIT,149.91,100,105,1008
1764298938997,MSFT,SELL,LIMIT,149.92,1000,106,1054
1764298939058,MSFT,SELL,LIMIT,150.05,500,107,1027
1764298939095,MSFT,BUY,LIMIT,149.93,500,108,1026
1764298939134,MSFT,SELL,LIMIT,150.09,5000,109,1014
1764298939212,MSFT,SELL,LIMIT,150.1,1000,110,1092
1764298939253,MSFT,SELL,LIMIT,150.1,1000,111,1025
1764298939290,MSFT,SELL,LIMIT,150.01,2000,112,1043
1764298939329,MSFT,BUY,MARKET,0.0,1000,113,1054
1764298939419,MSFT,BUY,LIMIT,149.92,2000,114,1040
1764298939428,MSFT,SELL,LIMIT,149.97,100,115,1008
1764298939479,MSFT,BUY,LIMIT,149.87,2000,116,1050
1764298939569,MSFT,BUY,LIMIT,149.84,100,117,1055
1764298939645,MSFT,SELL,MARKET,0.0,2000,118,1072
1764298939689,MSFT,BUY,LIMIT,149.81,1000,119,1006
1764298939722,MSFT,BUY,LIMIT,149.9,200,120,1005
1764298939787,MSFT,SELL,LIMIT,149.99,500,121,1091
1764298939824,MSFT,BUY,LIMIT,149.98,500,122,1010
1764298939913,MSFT,SELL,MARKET,0.0,5000,123,1052
1764298939954,MSFT,SELL,LIMIT,150.01,200,124,1073
1764298940040,MSFT,BUY,LIMIT,149.93,5000,125,1098
1764298940092,MSFT,BUY,MARKET,0.0,500,126,1009
1764298940119,MSFT,BUY,LIMIT,149.88,2000,127,1008
1764298940190,MSFT,SELL,LIMIT,150.08,200,128,1028
1764298940266,MSFT,BUY,MARKET,0.0,200,129,1070
1764298940317,MSFT,SELL,LIMIT,150.1,1000,130,1055
1764298940367,MSFT,SELL,LIMIT,150.09,200,131,1035
1764298940458,MSFT,BUY,LIMIT,149.93,500,132,1055
1764298940486,MSFT,SELL,LIMIT,150.08,100,133,1004
1764298940562,MSFT,SELL,LIMIT,150.23,100,134,1018
1764298940616,MSFT,SELL,LIMIT,150.14,5000,135,1041
1764298940653,MSFT,SELL,LIMIT,150.12,5000,136,1062
1764298940745,MSFT,SELL,LIMIT,150.15,500,137,1086
1764298940794,MSFT,SELL,MARKET,0.0,500,138,1016
1764298940875,MSFT,SELL,LIMIT,149.96,5000,139,1011
1764298940967,MSFT,BUY,LIMIT,149.85,200,140,1023
1764298940986,MSFT,BUY,LIMIT,149.85,200,141,1019
1764298941044,MSFT,SELL,MARKET,0.0,100,142,1059
1764298941106,MSFT,BUY,LIMIT,149.89,200,143,1021
1764298941204,MSFT,BUY,LIMIT,149.76,5000,144,1084
1764298941286,MSFT,SELL,LIMIT,150.0,2000,145,1086
1764298941368,MSFT,SELL,MARKET,0.0,5000,146,1071
1764298941369,MSFT,SELL,MARKET,0.0,500,147,1058
1764298941379,MSFT,BUY,LIMIT,149.97,5000,148,1009
1764298941425,MSFT,BUY,LIMIT,149.94,5000,149,1064
1764298941492,MSFT,SELL,MARKET,0.0,500,150,1049
1764298941582,MSFT,SELL,MARKET,0.0,2000,151,1035
1764298941673,MSFT,SELL,LIMIT,149.84,5000,152,1057
1764298941676,MSFT,BUY,LIMIT,149.57,2000,153,1063
1764298941713,MSFT,BUY,MARKET,0.0,5000,154,1074
1764298941765,MSFT,SELL,LIMIT,149.67,200,155,1074
1764298941770,MSFT,SELL,LIMIT,149.6,5000,156,1046
1764298941777,MSFT,BUY,MARKET,0.0,5000,157,1027
1764298941787,MSFT,BUY,LIMIT,149.62,2000,158,1058
1764298941797,MSFT,SELL,LIMIT,149.77,500,159,1051
1764298941880,MSFT,SELL,LIMIT,149.7,100,160,1064
1764298941938,MSFT,SELL,LIMIT,149.74,500,161,1099
1764298941976,MSFT,SELL,LIMIT,149.79,2000,162,1097
1764298941981,MSFT,SELL,LIMIT,149.91,2000,163,1058
1764298942022,MSFT,BUY,LIMIT,149.84,200,164,1031
1764298942023,MSFT,SELL,MARKET,0.0,200,165,1020
1764298942037,MSFT,SELL,MARKET,0.0,2000,166,1035
1764298942100,MSFT,BUY,LIMIT,149.92,1000,167,1038
1764298942105,MSFT,BUY,LIMIT,150.01,5000,168,1089
1764298942127,MSFT,BUY,LIMIT,150.11,100,169,1023
1764298942213,MSFT,SELL,LIMIT,150.25,2000,170,1088
1764298942262,MSFT,SELL,LIMIT,150.2,2000,171,1039
1764298942325,MSFT,SELL,LIMIT,150.28,100,172,1053
1764298942376,MSFT,SELL,LIMIT,150.37,1000,173,1045
1764298942387,MSFT,BUY,LIMIT,150.19,200,174,1088
1764298942417,MSFT,BUY,LIMIT,150.11,500,175,1060
1764298942432,MSFT,BUY,LIMIT,150.16,500,176,1082
1764298942472,MSFT,SELL,LIMIT,150.22,5000,177,1035
1764298942520,MSFT,BUY,MARKET,0.0,100,178,1021
1764298942554,MSFT,SELL,LIMIT,150.06,5000,179,1048
1764298942639,MSFT,BUY,LIMIT,149.86,100,180,1036
1764298942680,MSFT,SELL,LIMIT,149.93,2000,181,1063
1764298942709,MSFT,SELL,LIMIT,149.83,100,182,1088
1764298942799,MSFT,BUY,MARKET,0.0,200,183,1067
1764298942846,MSFT,BUY,MARKET,0.0,2000,184,1023
1764298942945,MSFT,SELL,LIMIT,149.87,5000,185,1090
1764298942959,MSFT,SELL,LIMIT,149.91,200,186,1030
1764298942973,MSFT,SELL,LIMIT,149.94,200,187,1100
1764298943007,MSFT,BUY,LIMIT,149.82,5000,188,1097
1764298943095,MSFT,SELL,LIMIT,149.89,5000,189,1081
1764298943096,MSFT,SELL,LIMIT,149.77,100,190,1008
1764298943115,MSFT,SELL,LIMIT,149.75,500,191,1028
1764298943207,MSFT,BUY,MARKET,0.0,2000,192,1076
1764298943225,MSFT,BUY,LIMIT,149.54,100,193,1097
1764298943309,MSFT,SELL,LIMIT,149.51,2000,194,1018
1764298943370,MSFT,SELL,LIMIT,149.62,5000,195,1083
1764298943373,MSFT,BUY,LIMIT,149.5,5000,196,1045
1764298943396,MSFT,BUY,LIMIT,149.39,5000,197,1093
1764298943494,MSFT,SELL,MARKET,0.0,500,198,1039
1764298943587,MSFT,SELL,LIMIT,149.53,500,199,1081
1764298943593,MSFT,BUY,LIMIT,149.36,200,200,1074
1764298943650,MSFT,BUY,LIMIT,149.42,5000,201,1064
1764298943719,MSFT,SELL,LIMIT,149.58,2000,202,1014
1764298943811,MSFT,BUY,LIMIT,149.46,500,203,1015
1764298943864,MSFT,BUY,MARKET,0.0,500,204,1036
1764298943894,MSFT,SELL,LIMIT,149.66,1000,205,1098
1764298943957,MSFT,SELL,LIMIT,149.73,2000,206,1047
1764298943997,MSFT,BUY,LIMIT,149.67,5000,207,1002
1764298944044,MSFT,SELL,LIMIT,149.69,2000,208,1036
1764298944099,MSFT,BUY,MARKET,0.0,1000,209,1088
1764298944115,MSFT,SELL,LIMIT,149.83,2000,210,1078
1764298944161,MSFT,SELL,LIMIT,149.87,5000,211,1060
1764298944168,MSFT,BUY,MARKET,0.0,5000,212,1065
1764298944257,MSFT,BUY,LIMIT,149.67,100,213,1004
1764298944329,MSFT,BUY,MARKET,0.0,2000,214,1044
1764298944419,MSFT,BUY,LIMIT,149.68,200,215,1053
1764298944490,MSFT,BUY,LIMIT,149.64,100,216,1080
1764298944501,MSFT,BUY,LIMIT,149.63,500,217,1079
1764298944507,MSFT,SELL,LIMIT,149.72,500,218,1079
1764298944545,MSFT,SELL,MARKET,0.0,100,219,1037
1764298944570,MSFT,SELL,LIMIT,149.81,100,220,1022
1764298944571,MSFT,BUY,MARKET,0.0,2000,221,1079
1764298944607,MSFT,BUY,MARKET,0.0,200,222,1012
1764298944635,MSFT,SELL,LIMIT,149.93,500,223,1008
1764298944693,MSFT,SELL,LIMIT,149.86,1000,224,1075
1764298944719,MSFT,SELL,LIMIT,149.9,500,225,1072
1764298944756,MSFT,SELL,LIMIT,149.93,5000,226,1080
1764298944772,MSFT,BUY,LIMIT,149.81,2000,227,1094
1764298944852,MSFT,BUY,MARKET,0.0,1000,228,1043
1764298944952,MSFT,SELL,LIMIT,149.92,500,229,1018
1764298945013,MSFT,BUY,LIMIT,149.83,1000,230,1003
1764298945104,MSFT,BUY,LIMIT,149.78,2000,231,1099
1764298945160,MSFT,SELL,LIMIT,149.89,100,232,1041
1764298945161,MSFT,BUY,LIMIT,149.81,2000,233,1003
1764298945197,MSFT,SELL,MARKET,0.0,500,234,1012
1764298945222,MSFT,BUY,LIMIT,149.81,200,235,1019
1764298945303,MSFT,BUY,LIMIT,149.87,2000,236,1091
1764298945315,MSFT,BUY,LIMIT,149.9,500,237,1017
1764298945414,MSFT,BUY,MARKET,0.0,100,238,1089
1764298945440,MSFT,SELL,MARKET,0.0,2000,239,1024
1764298945522,MSFT,BUY,LIMIT,150.09,500,240,1073
1764298945582,MSFT,SELL,LIMIT,150.11,500,241,1010
1764298945624,MSFT,SELL,LIMIT,150.05,200,242,1042
1764298945642,MSFT,BUY,LIMIT,149.91,5000,243,1056
1764298945651,MSFT,SELL,LIMIT,150.1,5000,244,1002
1764298945690,MSFT,BUY,LIMIT,149.95,200,245,1031
1764298945784,MSFT,SELL,LIMIT,150.03,1000,246,1042
1764298945883,MSFT,BUY,LIMIT,149.87,5000,247,1033
1764298945935,MSFT,SELL,LIMIT,150.04,100,248,1022
1764298945974,MSFT,BUY,LIMIT,149.94,100,249,1075
1764298945981,MSFT,BUY,MARKET,0.0,200,250,1073
1764298946023,MSFT,BUY,LIMIT,149.92,1000,251,1041
1764298946090,MSFT,BUY,LIMIT,149.85,1000,252,1090
1764298946116,MSFT,BUY,LIMIT,149.84,500,253,1084
1764298946158,MSFT,SELL,LIMIT,149.93,100,254,1066
1764298946231,MSFT,BUY,LIMIT,149.74,200,255,1097
1764298946321,MSFT,SELL,LIMIT,149.84,5000,256,1067
1764298946410,MSFT,BUY,LIMIT,149.72,1000,257,1010
1764298946506,MSFT,SELL,LIMIT,149.84,200,258,1066
1764298946569,MSFT,BUY,LIMIT,149.85,2000,259,1099
1764298946652,MSFT,SELL,LIMIT,149.94,1000,260,1023
1764298946673,MSFT,BUY,MARKET,0.0,2000,261,1091
1764298946677,MSFT,BUY,LIMIT,149.73,100,262,1040
1764298946772,MSFT,BUY,MARKET,0.0,200,263,1050
1764298946787,MSFT,SELL,MARKET,0.0,100,264,1022
1764298946863,MSFT,SELL,LIMIT,149.85,1000,265,1084
1764298946872,MSFT,BUY,MARKET,0.0,2000,266,1070
1764298946882,MSFT,BUY,LIMIT,149.78,500,267,1087
1764298946896,MSFT,SELL,LIMIT,149.88,100,268,1037
1764298946935,MSFT,SELL,LIMIT,149.98,1000,269,1003
1764298947034,MSFT,BUY,LIMIT,149.94,100,270,1020
1764298947044,MSFT,SELL,MARKET,0.0,2000,271,1056
1764298947063,MSFT,BUY,LIMIT,149.88,500,272,1092
1764298947068,MSFT,BUY,LIMIT,149.92,100,273,1058
1764298947113,MSFT,SELL,LIMIT,150.07,2000,274,1025
1764298947138,MSFT,SELL,LIMIT,150.07,5000,275,1072
1764298947196,MSFT,BUY,LIMIT,149.96,5000,276,1007
1764298947264,MSFT,SELL,LIMIT,150.06,5000,277,1036
1764298947274,MSFT,BUY,LIMIT,149.95,1000,278,1094
1764298947282,MSFT,BUY,MARKET,0.0,5000,279,1048
1764298947352,MSFT,BUY,LIMIT,149.87,500,280,1027
1764298947387,MSFT,SELL,LIMIT,149.91,1000,281,1005
1764298947392,MSFT,SELL,LIMIT,150.05,100,282,1084
1764298947406,MSFT,BUY,LIMIT,149.92,1000,283,1064
1764298947491,MSFT,SELL,LIMIT,149.89,5000,284,1054
1764298947500,MSFT,BUY,LIMIT,149.82,500,285,1050
1764298947522,MSFT,SELL,LIMIT,149.93,200,286,1011
1764298947574,MSFT,SELL,LIMIT,149.88,100,287,1052
1764298947657,MSFT,BUY,LIMIT,149.81,500,288,1018
1764298947751,MSFT,SELL,LIMIT,149.87,2000,289,1021
1764298947830,MSFT,BUY,MARKET,0.0,500,290,1063
1764298947907,MSFT,SELL,LIMIT,149.87,200,291,1081
1764298947936,MSFT,SELL,LIMIT,149.75,200,292,1091
1764298947972,MSFT,SELL,LIMIT,149.77,200,293,1080
1764298948017,MSFT,SELL,LIMIT,149.71,200,294,1002
1764298948106,MSFT,SELL,LIMIT,149.69,100,295,1071
1764298948198,MSFT,BUY,LIMIT,149.63,5000,296,1078
1764298948270,MSFT,SELL,LIMIT,149.84,2000,297,1017
1764298948310,MSFT,BUY,MARKET,0.0,500,298,1056
1764298948362,MSFT,BUY,LIMIT,149.76,1000,299,1086
1764298948418,MSFT,BUY,MARKET,0.0,500,300,1099
1764298948438,MSFT,BUY,LIMIT,149.72,500,301,1100
1764298948507,MSFT,BUY,LIMIT,149.68,200,302,1055
1764298948598,MSFT,BUY,LIMIT,149.77,100,303,1040
1764298948608,MSFT,SELL,MARKET,0.0,500,304,1037
1764298948649,MSFT,BUY,LIMIT,149.73,500,305,1094
1764298948663,MSFT,BUY,MARKET,0.0,2000,306,1019
1764298948695,MSFT,SELL,MARKET,0.0,500,307,1027
1764298948745,MSFT,SELL,LIMIT,149.97,200,308,1082
1764298948765,MSFT,SELL,MARKET,0.0,500,309,1058
1764298948847,MSFT,BUY,LIMIT,149.78,200,310,1062
1764298948922,MSFT,BUY,LIMIT,149.75,100,311,1019
1764298948956,MSFT,BUY,LIMIT,149.78,2000,312,1031
1764298949031,MSFT,SELL,MARKET,0.0,500,313,1093
1764298949072,MSFT,BUY,LIMIT,149.83,100,314,1025
1764298949116,MSFT,SELL,LIMIT,149.92,1000,315,1071
1764298949141,MSFT,SELL,MARKET,0.0,500,316,1060
1764298949168,MSFT,BUY,LIMIT,149.86,5000,317,1008
1764298949221,MSFT,BUY,LIMIT,149.78,1000,318,1095
1764298949291,MSFT,SELL,LIMIT,149.88,200,319,1014
1764298949384,MSFT,SELL,LIMIT,149.87,200,320,1027
1764298949460,MSFT,BUY,MARKET,0.0,100,321,1094
1764298949507,MSFT,SELL,LIMIT,149.9,2000,322,1063
1764298949529,MSFT,SELL,MARKET,0.0,500,323,1028
1764298949534,MSFT,BUY,LIMIT,149.87,5000,324,1033
1764298949586,MSFT,BUY,MARKET,0.0,5000,325,1099
1764298949658,MSFT,BUY,LIMIT,149.92,500,326,1003
1764298949732,MSFT,BUY,MARKET,0.0,500,327,1026
1764298949830,MSFT,SELL,LIMIT,150.02,100,328,1037
1764298949920,MSFT,SELL,MARKET,0.0,200,329,1011
1764298950001,MSFT,SELL,LIMIT,150.03,100,330,1019
1764298950007,MSFT,SELL,LIMIT,150.14,1000,331,1034
1764298950013,MSFT,SELL,LIMIT,150.13,200,332,1100
1764298950014,MSFT,SELL,LIMIT,150.13,500,333,1000
1764298950020,MSFT,SELL,LIMIT,150.09,1000,334,1055
1764298950081,MSFT,BUY,LIMIT,149.98,100,335,1048
1764298950121,MSFT,BUY,LIMIT,150.06,500,336,1090
1764298950157,MSFT,SELL,LIMIT,150.22,500,337,1056
1764298950232,MSFT,SELL,LIMIT,150.27,100,338,1002
1764298950253,MSFT,SELL,LIMIT,150.2,2000,339,1034
1764298950319,MSFT,BUY,MARKET,0.0,200,340,1089
1764298950376,MSFT,SELL,LIMIT,150.29,2000,341,1016
1764298950421,MSFT,BUY,LIMIT,150.08,100,342,1035
1764298950430,MSFT,SELL,MARKET,0.0,500,343,1024
1764298950439,MSFT,SELL,LIMIT,150.26,1000,344,1022
1764298950448,MSFT,SELL,MARKET,0.0,200,345,1077
1764298950514,MSFT,SELL,LIMIT,150.21,5000,346,1079
1764298950562,MSFT,BUY,LIMIT,150.03,200,347,1037
1764298950614,MSFT,BUY,MARKET,0.0,1000,348,1027
1764298950682,MSFT,SELL,LIMIT,150.15,100,349,1097
1764298950715,MSFT,BUY,LIMIT,150.07,100,350,1020
1764298950805,MSFT,BUY,LIMIT,150.17,100,351,1000
1764298950849,MSFT,BUY,LIMIT,150.14,200,352,1039
1764298950899,MSFT,SELL,MARKET,0.0,100,353,1019
1764298950955,MSFT,BUY,LIMIT,150.18,500,354,1089
1764298951000,MSFT,SELL,LIMIT,150.21,200,355,1051
1764298951052,MSFT,SELL,LIMIT,150.27,2000,356,1022
1764298951127,MSFT,BUY,MARKET,0.0,2000,357,1027
1764298951139,MSFT,BUY,LIMIT,150.19,1000,358,1080
1764298951234,MSFT,SELL,MARKET,0.0,500,359,1029
1764298951245,MSFT,BUY,LIMIT,150.24,5000,360,1065
1764298951340,MSFT,BUY,MARKET,0.0,1000,361,1003
1764298951349,MSFT,BUY,LIMIT,150.22,100,362,1075
1764298951374,MSFT,BUY,MARKET,0.0,100,363,1056
1764298951397,MSFT,SELL,LIMIT,150.41,2000,364,1022
1764298951460,MSFT,SELL,LIMIT,150.47,100,365,1062
1764298951477,MSFT,BUY,LIMIT,150.29,100,366,1010
1764298951535,MSFT,SELL,LIMIT,150.3,500,367,1062
1764298951599,MSFT,SELL,LIMIT,150.29,2000,368,1009
1764298951610,MSFT,SELL,LIMIT,150.29,1000,369,1036
1764298951657,MSFT,BUY,LIMIT,150.14,200,370,1060
1764298951662,MSFT,BUY,LIMIT,150.01,100,371,1000
1764298951745,MSFT,BUY,LIMIT,150.07,1000,372,1025
1764298951756,MSFT,BUY,LIMIT,150.15,1000,373,1020
1764298951785,MSFT,SELL,MARKET,0.0,500,374,1061
1764298951883,MSFT,BUY,LIMIT,150.16,100,375,1045
1764298951938,MSFT,SELL,LIMIT,150.37,2000,376,1012
1764298951973,MSFT,SELL,LIMIT,150.34,2000,377,1049
1764298952002,MSFT,BUY,MARKET,0.0,1000,378,1043
1764298952091,MSFT,SELL,LIMIT,150.33,100,379,1035
1764298952134,MSFT,SELL,MARKET,0.0,5000,380,1023
1764298952187,MSFT,SELL,LIMIT,150.37,500,381,1064
1764298952230,MSFT,SELL,LIMIT,150.31,500,382,1002
1764298952239,MSFT,SELL,LIMIT,150.27,2000,383,1097
1764298952336,MSFT,BUY,LIMIT,150.24,2000,384,1020
1764298952404,MSFT,SELL,LIMIT,150.4,5000,385,1069
1764298952409,MSFT,BUY,LIMIT,150.34,500,386,1023
1764298952504,MSFT,BUY,MARKET,0.0,2000,387,1042
1764298952548,MSFT,SELL,LIMIT,150.45,200,388,1008
1764298952593,MSFT,BUY,LIMIT,150.44,100,389,1081
1764298952597,MSFT,SELL,LIMIT,150.52,100,390,1078
1764298952659,MSFT,SELL,LIMIT,150.55,2000,391,1069
1764298952677,MSFT,SELL,MARKET,0.0,5000,392,1014
1764298952754,MSFT,BUY,LIMIT,150.56,5000,393,1043
1764298952792,MSFT,SELL,LIMIT,150.58,200,394,1049
1764298952856,MSFT,SELL,MARKET,0.0,5000,395,1008
1764298952860,MSFT,SELL,MARKET,0.0,2000,396,1026
1764298952883,MSFT,BUY,MARKET,0.0,1000,397,1039
1764298952908,MSFT,SELL,LIMIT,150.69,2000,398,1086
1764298952947,MSFT,SELL,LIMIT,150.65,100,399,1032
1764298953005,MSFT,SELL,LIMIT,150.58,2000,400,1085
1764298953062,MSFT,BUY,LIMIT,150.44,1000,401,1080
1764298953085,MSFT,BUY,LIMIT,150.51,1000,402,1010
1764298953125,MSFT,BUY,LIMIT,150.52,500,403,1074
1764298953161,MSFT,BUY,LIMIT,150.58,100,404,1084
1764298953166,MSFT,SELL,MARKET,0.0,5000,405,1018
1764298953187,MSFT,SELL,LIMIT,150.8,1000,406,1074
1764298953214,MSFT,BUY,LIMIT,150.76,200,407,1057
1764298953256,MSFT,BUY,LIMIT,150.73,100,408,1061
1764298953280,MSFT,BUY,LIMIT,150.68,1000,409,1037
1764298953313,MSFT,BUY,LIMIT,150.64,200,410,1018
1764298953356,MSFT,BUY,LIMIT,150.55,100,411,1012
1764298953418,MSFT,SELL,LIMIT,150.66,100,412,1087
1764298953456,MSFT,BUY,LIMIT,150.51,1000,413,1083
1764298953520,MSFT,BUY,LIMIT,150.61,100,414,1046
1764298953527,MSFT,BUY,LIMIT,150.58,500,415,1000
1764298953620,MSFT,SELL,LIMIT,150.73,5000,416,1050
1764298953640,MSFT,SELL,MARKET,0.0,5000,417,1093
1764298953699,MSFT,BUY,MARKET,0.0,2000,418,1009
1764298953700,MSFT,BUY,MARKET,0.0,200,419,1014
1764298953781,MSFT,SELL,LIMIT,150.91,5000,420,1061
1764298953855,MSFT,SELL,LIMIT,150.94,200,421,1053
1764298953922,MSFT,BUY,LIMIT,150.82,500,422,1046
1764298953978,MSFT,BUY,LIMIT,150.89,100,423,1099
1764298953990,MSFT,SELL,LIMIT,150.89,2000,424,1007
1764298954071,MSFT,BUY,LIMIT,150.81,200,425,1026
1764298954171,MSFT,SELL,LIMIT,150.88,100,426,1076
1764298954188,MSFT,SELL,LIMIT,150.86,500,427,1065
1764298954280,MSFT,SELL,LIMIT,150.94,2000,428,1009
1764298954356,MSFT,BUY,LIMIT,150.92,1000,429,1008
1764298954424,MSFT,BUY,LIMIT,150.81,100,430,1036
1764298954512,MSFT,BUY,LIMIT,150.83,1000,431,1017
1764298954610,MSFT,BUY,LIMIT,150.87,1000,432,1017
1764298954623,MSFT,BUY,MARKET,0.0,1000,433,1020
1764298954722,MSFT,BUY,LIMIT,150.98,2000,434,1083
1764298954735,MSFT,SELL,LIMIT,151.14,1000,435,1059
1764298954831,MSFT,SELL,LIMIT,151.14,200,436,1058
1764298954892,MSFT,SELL,LIMIT,151.08,5000,437,1025
1764298954922,MSFT,BUY,LIMIT,150.97,5000,438,1039
1764298955012,MSFT,BUY,LIMIT,150.96,5000,439,1019
1764298955027,MSFT,BUY,MARKET,0.0,100,440,1012
1764298955092,MSFT,BUY,MARKET,0.0,500,441,1082
1764298955143,MSFT,BUY,LIMIT,150.87,500,442,1094
1764298955243,MSFT,SELL,LIMIT,150.98,5000,443,1085
1764298955323,MSFT,SELL,LIMIT,151.04,500,444,1081
1764298955408,MSFT,SELL,LIMIT,151.04,100,445,1023
1764298955470,MSFT,BUY,LIMIT,151.0,100,446,1014
1764298955555,MSFT,SELL,LIMIT,150.99,200,447,1018
1764298955653,MSFT,BUY,LIMIT,150.94,5000,448,1022
1764298955670,MSFT,SELL,LIMIT,151.02,500,449,1065
1764298955711,MSFT,SELL,LIMIT,151.07,2000,450,1050
1764298955762,MSFT,BUY,MARKET,0.0,2000,451,1051
1764298955790,MSFT,BUY,LIMIT,150.9,5000,452,1079
1764298955856,MSFT,SELL,LIMIT,150.94,500,453,1066
1764298955906,MSFT,BUY,MARKET,0.0,2000,454,1010
1764298955921,MSFT,SELL,LIMIT,150.99,5000,455,1028
1764298955922,MSFT,BUY,LIMIT,150.91,2000,456,1089
1764298955987,MSFT,SELL,LIMIT,151.04,5000,457,1085
1764298956042,MSFT,SELL,LIMIT,151.04,100,458,1053
1764298956122,MSFT,BUY,LIMIT,150.86,1000,459,1080
1764298956166,MSFT,SELL,LIMIT,150.94,1000,460,1071
1764298956207,MSFT,BUY,LIMIT,150.72,100,461,1058
1764298956209,MSFT,BUY,LIMIT,150.75,5000,462,1056
1764298956237,MSFT,SELL,LIMIT,150.84,200,463,1094
1764298956244,MSFT,SELL,LIMIT,150.88,100,464,1054
1764298956325,MSFT,SELL,LIMIT,150.94,500,465,1069
1764298956385,MSFT,BUY,LIMIT,150.81,1000,466,1007
1764298956431,MSFT,SELL,MARKET,0.0,200,467,1088
1764298956510,MSFT,SELL,MARKET,0.0,1000,468,1014
1764298956607,MSFT,BUY,MARKET,0.0,100,469,1090
1764298956609,MSFT,BUY,LIMIT,150.48,2000,470,1016
1764298956672,MSFT,BUY,LIMIT,150.5,2000,471,1099
1764298956743,MSFT,SELL,LIMIT,150.59,5000,472,1060
1764298956774,MSFT,BUY,LIMIT,150.44,5000,473,1000
1764298956858,MSFT,BUY,LIMIT,150.54,5000,474,1075
1764298956898,MSFT,BUY,LIMIT,150.53,500,475,1007
1764298956969,MSFT,SELL,LIMIT,150.63,5000,476,1057
1764298957041,MSFT,SELL,LIMIT,150.67,1000,477,1065
1764298957059,MSFT,SELL,LIMIT,150.63,1000,478,1064
1764298957125,MSFT,BUY,MARKET,0.0,2000,479,1000
1764298957206,MSFT,SELL,LIMIT,150.81,500,480,1059
1764298957295,MSFT,BUY,LIMIT,150.74,5000,481,1037
1764298957383,MSFT,BUY,LIMIT,150.73,5000,482,1067
1764298957478,MSFT,SELL,LIMIT,150.75,2000,483,1099
1764298957519,MSFT,SELL,LIMIT,150.86,200,484,1083
1764298957575,MSFT,SELL,LIMIT,150.76,5000,485,1004
1764298957644,MSFT,SELL,MARKET,0.0,2000,486,1079
1764298957678,MSFT,BUY,LIMIT,150.61,500,487,1057
1764298957689,MSFT,BUY,LIMIT,150.5,500,488,1022
1764298957766,MSFT,BUY,LIMIT,150.56,1000,489,1012
1764298957782,MSFT,SELL,LIMIT,150.63,200,490,1020
1764298957790,MSFT,SELL,LIMIT,150.71,100,491,1028
1764298957810,MSFT,SELL,MARKET,0.0,100,492,1022
1764298957840,MSFT,SELL,LIMIT,150.71,1000,493,1099
1764298957890,MSFT,SELL,LIMIT,150.71,5000,494,1022
1764298957920,MSFT,BUY,MARKET,0.0,200,495,1008
1764298958003,MSFT,BUY,LIMIT,150.65,5000,496,1074
1764298958062,MSFT,BUY,LIMIT,150.65,500,497,1070
1764298958153,MSFT,SELL,LIMIT,150.84,2000,498,1016
1764298958228,MSFT,SELL,LIMIT,150.9,200,499,1086
1764298958249,MSFT,SELL,LIMIT,150.88,200,500,1038
1764298958275,MSFT,BUY,MARKET,0.0,500,501,1064
1764298958357,MSFT,SELL,LIMIT,150.87,5000,502,1086
1764298958387,MSFT,SELL,LIMIT,150.84,2000,503,1010
1764298958435,MSFT,SELL,LIMIT,150.97,1000,504,1031
1764298958504,MSFT,SELL,LIMIT,150.88,200,505,1020
1764298958522,MSFT,BUY,LIMIT,150.69,5000,506,1098
1764298958617,MSFT,BUY,LIMIT,150.76,500,507,1034
1764298958696,MSFT,SELL,LIMIT,150.99,100,508,1082
1764298958705,MSFT,BUY,LIMIT,150.79,100,509,1097
1764298958731,MSFT,SELL,LIMIT,150.9,1000,510,1002
1764298958773,MSFT,BUY,MARKET,0.0,2000,511,1021
1764298958807,MSFT,SELL,LIMIT,150.78,5000,512,1054
1764298958853,MSFT,SELL,LIMIT,150.7,5000,513,1011
1764298958870,MSFT,SELL,LIMIT,150.76,2000,514,1045
1764298958904,MSFT,BUY,LIMIT,150.58,1000,515,1079
1764298958988,MSFT,BUY,LIMIT,150.5,2000,516,1082
1764298959086,MSFT,SELL,LIMIT,150.58,500,517,1026
1764298959144,MSFT,BUY,LIMIT,150.44,500,518,1081
1764298959191,MSFT,BUY,MARKET,0.0,1000,519,1070
1764298959202,MSFT,SELL,LIMIT,150.41,5000,520,1085
1764298959248,MSFT,SELL,LIMIT,150.48,1000,521,1049
1764298959307,MSFT,BUY,LIMIT,150.3,5000,522,1075
1764298959361,MSFT,SELL,LIMIT,150.38,200,523,1076
1764298959388,MSFT,BUY,LIMIT,150.27,1000,524,1017
1764298959419,MSFT,SELL,LIMIT,150.32,100,525,1004
1764298959493,MSFT,SELL,LIMIT,150.28,200,526,1085
1764298959539,MSFT,SELL,LIMIT,150.27,200,527,1011
1764298959572,MSFT,SELL,LIMIT,150.26,100,528,1028
1764298959588,MSFT,SELL,LIMIT,150.33,5000,529,1023
1764298959625,MSFT,SELL,LIMIT,150.33,5000,530,1017
1764298959681,MSFT,BUY,MARKET,0.0,100,531,1004
1764298959710,MSFT,BUY,LIMIT,150.18,100,532,1034
1764298959756,MSFT,BUY,LIMIT,150.15,100,533,1051
1764298959810,MSFT,BUY,MARKET,0.0,200,534,1004
1764298959864,MSFT,SELL,MARKET,0.0,500,535,1000
1764298959877,MSFT,BUY,LIMIT,150.11,2000,536,1069
1764298959929,MSFT,BUY,LIMIT,150.08,100,537,1029
1764298959980,MSFT,SELL,MARKET,0.0,100,538,1022
1764298960053,MSFT,SELL,LIMIT,150.26,5000,539,1085
1764298960110,MSFT,BUY,LIMIT,150.2,2000,540,1085
1764298960151,MSFT,BUY,MARKET,0.0,200,541,1003
1764298960203,MSFT,BUY,LIMIT,150.3,100,542,1098
1764298960268,MSFT,BUY,LIMIT,150.31,5000,543,1021
1764298960346,MSFT,BUY,LIMIT,150.4,200,544,1079
1764298960350,MSFT,SELL,LIMIT,150.44,100,545,1089
1764298960425,MSFT,BUY,LIMIT,150.32,5000,546,1090
1764298960490,MSFT,BUY,LIMIT,150.34,1000,547,1077
1764298960565,MSFT,SELL,MARKET,0.0,100,548,1053
1764298960624,MSFT,SELL,LIMIT,150.48,1000,549,1021
1764298960702,MSFT,BUY,LIMIT,150.46,5000,550,1087
1764298960711,MSFT,SELL,MARKET,0.0,2000,551,1012
1764298960727,MSFT,BUY,LIMIT,150.53,1000,552,1089
1764298960749,MSFT,SELL,LIMIT,150.61,1000,553,1091
1764298960807,MSFT,BUY,MARKET,0.0,1000,554,1018
1764298960858,MSFT,BUY,LIMIT,150.47,5000,555,1079
1764298960878,MSFT,BUY,MARKET,0.0,5000,556,1051
1764298960938,MSFT,BUY,MARKET,0.0,200,557,1025
1764298960941,MSFT,SELL,LIMIT,150.6,2000,558,1077
1764298960959,MSFT,BUY,LIMIT,150.41,100,559,1068
1764298961041,MSFT,BUY,LIMIT,150.43,100,560,1074
1764298961056,MSFT,BUY,LIMIT,150.34,500,561,1017
1764298961093,MSFT,BUY,LIMIT,150.26,500,562,1099
1764298961114,MSFT,SELL,LIMIT,150.36,100,563,1011
1764298961176,MSFT,SELL,LIMIT,150.44,1000,564,1090
1764298961178,MSFT,SELL,MARKET,0.0,2000,565,1059
1764298961254,MSFT,BUY,LIMIT,150.36,100,566,1020
1764298961273,MSFT,BUY,LIMIT,150.43,5000,567,1030
1764298961285,MSFT,SELL,LIMIT,150.55,1000,568,1015
1764298961297,MSFT,SELL,LIMIT,150.64,500,569,1026
1764298961379,MSFT,BUY,LIMIT,150.47,500,570,1006
1764298961395,MSFT,SELL,LIMIT,150.67,2000,571,1045
1764298961414,MSFT,SELL,LIMIT,150.65,500,572,1013
1764298961435,MSFT,BUY,LIMIT,150.67,2000,573,1091
1764298961472,MSFT,BUY,LIMIT,150.7,1000,574,1050
1764298961501,MSFT,SELL,LIMIT,150.85,500,575,1096
1764298961518,MSFT,BUY,LIMIT,150.8,2000,576,1002
1764298961609,MSFT,SELL,MARKET,0.0,1000,577,1080
1764298961636,MSFT,SELL,LIMIT,150.78,2000,578,1018
1764298961705,MSFT,SELL,LIMIT,150.85,200,579,1011
1764298961731,MSFT,SELL,LIMIT,150.86,500,580,1012
1764298961775,MSFT,SELL,LIMIT,150.73,200,581,1036
1764298961787,MSFT,BUY,LIMIT,150.71,5000,582,1070
1764298961840,MSFT,BUY,LIMIT,150.64,5000,583,1016
1764298961895,MSFT,BUY,MARKET,0.0,200,584,1035
1764298961951,MSFT,BUY,LIMIT,150.65,200,585,1008
1764298962022,MSFT,BUY,LIMIT,150.67,100,586,1009
1764298962047,MSFT,SELL,MARKET,0.0,2000,587,1026
1764298962067,MSFT,SELL,LIMIT,150.79,500,588,1025
1764298962120,MSFT,SELL,LIMIT,150.72,200,589,1055
1764298962206,MSFT,BUY,LIMIT,150.68,500,590,1089
1764298962210,MSFT,SELL,LIMIT,150.75,5000,591,1091
1764298962304,MSFT,BUY,MARKET,0.0,100,592,1067
1764298962392,MSFT,BUY,LIMIT,150.49,1000,593,1047
1764298962474,MSFT,SELL,LIMIT,150.65,1000,594,1006
1764298962527,MSFT,BUY,MARKET,0.0,2000,595,1025
1764298962545,MSFT,BUY,LIMIT,150.53,2000,596,1023
1764298962599,MSFT,SELL,MARKET,0.0,500,597,1052
1764298962634,MSFT,BUY,LIMIT,150.56,100,598,1083
1764298962719,MSFT,SELL,MARKET,0.0,100,599,1027
1764298962784,MSFT,BUY,LIMIT,150.57,1000,600,1018
1764298962788,MSFT,BUY,LIMIT,150.5,100,601,1027
1764298962844,MSFT,BUY,LIMIT,150.52,5000,602,1053
1764298962853,MSFT,SELL,LIMIT,150.52,100,603,1092
1764298962893,MSFT,BUY,LIMIT,150.52,5000,604,1091
1764298962940,MSFT,BUY,LIMIT,150.53,200,605,1054
1764298962943,MSFT,SELL,LIMIT,150.62,2000,606,1041
1764298963013,MSFT,BUY,LIMIT,150.53,100,607,1066
1764298963033,MSFT,BUY,LIMIT,150.57,5000,608,1088
1764298963045,MSFT,SELL,LIMIT,150.78,200,609,1064
1764298963085,MSFT,SELL,LIMIT,150.75,1000,610,1044
1764298963163,MSFT,SELL,LIMIT,150.85,200,611,1090
1764298963231,MSFT,SELL,MARKET,0.0,500,612,1038
1764298963316,MSFT,BUY,LIMIT,150.87,100,613,1003
1764298963320,MSFT,SELL,LIMIT,150.96,5000,614,1061
1764298963384,MSFT,SELL,LIMIT,150.8,100,615,1006
1764298963476,MSFT,SELL,LIMIT,150.85,5000,616,1031
1764298963503,MSFT,SELL,LIMIT,150.93,200,617,1081
1764298963602,MSFT,BUY,LIMIT,150.75,200,618,1025
1764298963671,MSFT,SELL,LIMIT,150.86,2000,619,1060
1764298963686,MSFT,BUY,MARKET,0.0,500,620,1025
1764298963695,MSFT,BUY,MARKET,0.0,100,621,1078
1764298963754,MSFT,SELL,LIMIT,150.69,1000,622,1042
1764298963814,MSFT,SELL,LIMIT,150.65,200,623,1015
1764298963851,MSFT,BUY,MARKET,0.0,100,624,1046
1764298963871,MSFT,SELL,LIMIT,150.6,1000,625,1028
1764298963914,MSFT,SELL,MARKET,0.0,5000,626,1021
1764298963949,MSFT,SELL,LIMIT,150.52,500,627,1099
1764298963981,MSFT,BUY,LIMIT,150.47,500,628,1079
1764298964021,MSFT,BUY,LIMIT,150.48,500,629,1016
1764298964073,MSFT,BUY,LIMIT,150.47,200,630,1005
1764298964113,MSFT,BUY,LIMIT,150.49,2000,631,1098
1764298964209,MSFT,BUY,MARKET,0.0,1000,632,1024
1764298964212,MSFT,BUY,MARKET,0.0,500,633,1034
1764298964290,MSFT,SELL,MARKET,0.0,500,634,1039
1764298964326,MSFT,SELL,LIMIT,150.36,1000,635,1068
1764298964373,MSFT,BUY,LIMIT,150.15,5000,636,1038
1764298964422,MSFT,BUY,LIMIT,150.21,2000,637,1056
1764298964442,MSFT,BUY,LIMIT,150.28,100,638,1002
1764298964507,MSFT,SELL,LIMIT,150.23,5000,639,1039
1764298964554,MSFT,SELL,LIMIT,150.16,2000,640,1046
1764298964608,MSFT,BUY,LIMIT,149.95,200,641,1077
1764298964613,MSFT,BUY,LIMIT,149.92,1000,642,1007
1764298964643,MSFT,BUY,LIMIT,149.87,200,643,1086
1764298964693,MSFT,SELL,LIMIT,150.05,200,644,1060
1764298964793,MSFT,SELL,LIMIT,150.04,5000,645,1097
1764298964810,MSFT,BUY,LIMIT,149.85,200,646,1088
1764298964857,MSFT,SELL,LIMIT,149.94,200,647,1066
1764298964909,MSFT,BUY,LIMIT,149.7,2000,648,1002
1764298964998,MSFT,SELL,LIMIT,149.78,1000,649,1095
1764298965078,MSFT,BUY,LIMIT,149.59,2000,650,1037
1764298965158,MSFT,BUY,LIMIT,149.57,200,651,1066
1764298965180,MSFT,BUY,LIMIT,149.49,500,652,1067
1764298965205,MSFT,BUY,LIMIT,149.53,500,653,1038
1764298965250,MSFT,BUY,LIMIT,149.4,500,654,1029
1764298965327,MSFT,SELL,LIMIT,149.51,200,655,1016
1764298965329,MSFT,BUY,LIMIT,149.36,1000,656,1062
1764298965424,MSFT,SELL,LIMIT,149.52,500,657,1002
1764298965439,MSFT,BUY,LIMIT,149.43,200,658,1071
1764298965449,MSFT,SELL,MARKET,0.0,2000,659,1085
1764298965465,MSFT,BUY,LIMIT,149.39,200,660,1098
1764298965538,MSFT,SELL,MARKET,0.0,1000,661,1002
1764298965559,MSFT,BUY,LIMIT,149.35,5000,662,1011
1764298965607,MSFT,BUY,LIMIT,149.43,500,663,1078
1764298965639,MSFT,BUY,LIMIT,149.4,5000,664,1074
1764298965672,MSFT,SELL,LIMIT,149.53,500,665,1093
1764298965706,MSFT,SELL,LIMIT,149.43,5000,666,1084
1764298965712,MSFT,BUY,LIMIT,149.37,500,667,1027
1764298965717,MSFT,BUY,LIMIT,149.27,200,668,1065
1764298965752,MSFT,SELL,LIMIT,149.47,1000,669,1093
1764298965795,MSFT,SELL,LIMIT,149.43,500,670,1000
1764298965803,MSFT,SELL,LIMIT,149.44,2000,671,1076
1764298965894,MSFT,BUY,LIMIT,149.35,100,672,1082
1764298965954,MSFT,SELL,LIMIT,149.57,5000,673,1032
1764298965962,MSFT,BUY,LIMIT,149.37,100,674,1008
1764298966003,MSFT,SELL,LIMIT,149.49,1000,675,1011
1764298966036,MSFT,SELL,LIMIT,149.61,2000,676,1057
1764298966073,MSFT,SELL,MARKET,0.0,500,677,1057
1764298966086,MSFT,BUY,LIMIT,149.36,1000,678,1060
1764298966090,MSFT,BUY,LIMIT,149.29,500,679,1021
1764298966167,MSFT,BUY,MARKET,0.0,500,680,1047
1764298966176,MSFT,BUY,LIMIT,149.32,2000,681,1038
1764298966255,MSFT,BUY,LIMIT,149.36,500,682,1048
1764298966355,MSFT,BUY,LIMIT,149.41,5000,683,1058
1764298966369,MSFT,BUY,LIMIT,149.48,200,684,1001
1764298966376,MSFT,SELL,LIMIT,149.55,2000,685,1053
1764298966445,MSFT,BUY,LIMIT,149.37,500,686,1002
1764298966527,MSFT,SELL,LIMIT,149.55,200,687,1072
1764298966610,MSFT,BUY,LIMIT,149.47,200,688,1077
1764298966620,MSFT,BUY,LIMIT,149.53,200,689,1021
1764298966666,MSFT,SELL,MARKET,0.0,500,690,1058
1764298966684,MSFT,BUY,MARKET,0.0,1000,691,1091
1764298966686,MSFT,SELL,LIMIT,149.63,100,692,1078
1764298966687,MSFT,SELL,LIMIT,149.51,2000,693,1073
1764298966731,MSFT,BUY,LIMIT,149.39,5000,694,1033
1764298966831,MSFT,BUY,LIMIT,149.32,2000,695,1015
1764298966855,MSFT,SELL,LIMIT,149.39,100,696,1039
1764298966905,MSFT,SELL,LIMIT,149.44,1000,697,1057
1764298967001,MSFT,BUY,LIMIT,149.34,2000,698,1078
1764298967009,MSFT,SELL,LIMIT,149.41,2000,699,1091
1764298967074,MSFT,BUY,LIMIT,149.44,200,700,1033
1764298967080,MSFT,SELL,LIMIT,149.42,1000,701,1091
1764298967171,MSFT,SELL,LIMIT,149.37,2000,702,1024
1764298967233,MSFT,SELL,MARKET,0.0,5000,703,1063
1764298967328,MSFT,BUY,LIMIT,149.13,5000,704,1078
1764298967404,MSFT,BUY,LIMIT,149.07,1000,705,1066
1764298967441,MSFT,SELL,LIMIT,149.14,200,706,1092
1764298967506,MSFT,SELL,LIMIT,149.21,500,707,1037
1764298967530,MSFT,BUY,MARKET,0.0,5000,708,1026
1764298967551,MSFT,SELL,MARKET,0.0,5000,709,1003
1764298967636,MSFT,SELL,LIMIT,149.37,2000,710,1072
1764298967715,MSFT,BUY,LIMIT,149.16,5000,711,1070
1764298967799,MSFT,BUY,LIMIT,149.04,1000,712,1055
1764298967857,MSFT,BUY,MARKET,0.0,200,713,1015
1764298967923,MSFT,BUY,LIMIT,149.07,100,714,1062
1764298967961,MSFT,SELL,LIMIT,149.12,100,715,1068
1764298967967,MSFT,SELL,MARKET,0.0,100,716,1000
1764298968031,MSFT,BUY,LIMIT,148.98,2000,717,1065
1764298968043,MSFT,BUY,LIMIT,149.07,5000,718,1074
1764298968093,MSFT,SELL,LIMIT,149.08,500,719,1044
1764298968149,MSFT,BUY,LIMIT,148.96,5000,720,1019
1764298968220,MSFT,SELL,LIMIT,149.13,5000,721,1099
1764298968236,MSFT,BUY,LIMIT,148.99,500,722,1039
1764298968281,MSFT,SELL,MARKET,0.0,500,723,1002
1764298968331,MSFT,SELL,LIMIT,149.01,200,724,1086
1764298968406,MSFT,SELL,LIMIT,149.1,200,725,1009
1764298968501,MSFT,BUY,LIMIT,148.86,500,726,1040
1764298968600,MSFT,BUY,LIMIT,148.99,5000,727,1096
1764298968671,MSFT,BUY,MARKET,0.0,500,728,1057
1764298968720,MSFT,BUY,MARKET,0.0,500,729,1040
1764298968754,MSFT,BUY,LIMIT,148.85,500,730,1095
1764298968814,MSFT,SELL,LIMIT,148.93,2000,731,1097
1764298968894,MSFT,BUY,LIMIT,148.89,500,732,1077
1764298968904,MSFT,BUY,LIMIT,148.85,500,733,1016
1764298968918,MSFT,BUY,LIMIT,148.78,100,734,1008
1764298969010,MSFT,BUY,MARKET,0.0,5000,735,1038
1764298969036,MSFT,BUY,LIMIT,148.75,500,736,1100
1764298969102,MSFT,BUY,LIMIT,148.67,500,737,1038
1764298969123,MSFT,BUY,LIMIT,148.81,100,738,1068
1764298969141,MSFT,BUY,MARKET,0.0,2000,739,1047
1764298969239,MSFT,SELL,LIMIT,149.01,200,740,1073
1764298969304,MSFT,BUY,LIMIT,148.98,2000,741,1065
1764298969352,MSFT,SELL,LIMIT,149.12,2000,742,1078
1764298969426,MSFT,BUY,LIMIT,149.06,5000,743,1074
1764298969445,MSFT,BUY,LIMIT,149.16,2000,744,1032
1764298969513,MSFT,SELL,LIMIT,149.19,200,745,1056
1764298969552,MSFT,BUY,LIMIT,148.98,5000,746,1053
1764298969643,MSFT,SELL,MARKET,0.0,500,747,1030
1764298969669,MSFT,BUY,MARKET,0.0,5000,748,1006
1764298969710,MSFT,SELL,LIMIT,149.09,100,749,1076
1764298969745,MSFT,BUY,LIMIT,149.02,2000,750,1029
1764298969782,MSFT,SELL,MARKET,0.0,100,751,1067
1764298969881,MSFT,SELL,LIMIT,149.2,500,752,1038
1764298969971,MSFT,BUY,LIMIT,149.02,2000,753,1045
1764298970065,MSFT,SELL,MARKET,0.0,100,754,1074
1764298970148,MSFT,SELL,LIMIT,149.29,500,755,1050
1764298970243,MSFT,SELL,MARKET,0.0,5000,756,1018
1764298970250,MSFT,BUY,LIMIT,149.18,5000,757,1076
1764298970325,MSFT,BUY,LIMIT,149.12,100,758,1017
1764298970351,MSFT,SELL,LIMIT,149.16,5000,759,1053
1764298970388,MSFT,BUY,LIMIT,149.06,100,760,1009
1764298970449,MSFT,SELL,LIMIT,149.12,1000,761,1035
1764298970534,MSFT,BUY,LIMIT,148.92,100,762,1075
1764298970603,MSFT,SELL,LIMIT,149.18,2000,763,1001
1764298970690,MSFT,BUY,LIMIT,149.02,200,764,1039
1764298970781,MSFT,BUY,LIMIT,149.02,100,765,1058
1764298970850,MSFT,SELL,LIMIT,149.08,500,766,1053
1764298970903,MSFT,BUY,LIMIT,148.97,100,767,1100
1764298970948,MSFT,BUY,LIMIT,148.95,5000,768,1067
1764298971032,MSFT,SELL,LIMIT,149.0,5000,769,1024
1764298971090,MSFT,BUY,LIMIT,148.86,2000,770,1084
1764298971175,MSFT,SELL,LIMIT,149.09,1000,771,1096
1764298971206,MSFT,SELL,LIMIT,149.12,500,772,1068
1764298971263,MSFT,SELL,MARKET,0.0,1000,773,1025
1764298971293,MSFT,SELL,LIMIT,149.09,500,774,1000
1764298971381,MSFT,SELL,LIMIT,149.14,100,775,1026
1764298971442,MSFT,BUY,LIMIT,148.89,5000,776,1083
1764298971487,MSFT,SELL,LIMIT,149.13,5000,777,1085
1764298971543,MSFT,BUY,LIMIT,149.08,1000,778,1023
1764298971558,MSFT,BUY,LIMIT,149.08,200,779,1026
1764298971562,MSFT,SELL,LIMIT,149.05,5000,780,1070
1764298971645,MSFT,BUY,LIMIT,148.93,2000,781,1029
1764298971655,MSFT,SELL,MARKET,0.0,5000,782,1034
1764298971701,MSFT,BUY,LIMIT,148.94,100,783,1018
1764298971720,MSFT,SELL,LIMIT,149.05,2000,784,1038
1764298971806,MSFT,SELL,MARKET,0.0,1000,785,1075
1764298971838,MSFT,SELL,LIMIT,148.96,500,786,1081
1764298971882,MSFT,SELL,LIMIT,148.96,2000,787,1047
1764298971926,MSFT,SELL,LIMIT,149.03,200,788,1026
1764298971962,MSFT,BUY,LIMIT,148.93,2000,789,1093
1764298972017,MSFT,SELL,LIMIT,149.02,200,790,1029
1764298972097,MSFT,BUY,MARKET,0.0,500,791,1048
1764298972148,MSFT,SELL,LIMIT,148.95,500,792,1004
1764298972176,MSFT,SELL,LIMIT,149.06,200,793,1004
1764298972271,MSFT,SELL,LIMIT,148.96,5000,794,1015
1764298972310,MSFT,SELL,LIMIT,149.04,500,795,1033
1764298972383,MSFT,BUY,LIMIT,148.87,500,796,1068
1764298972427,MSFT,SELL,LIMIT,148.97,100,797,1047
1764298972474,MSFT,BUY,LIMIT,148.85,5000,798,1023
1764298972524,MSFT,SELL,MARKET,0.0,1000,799,1098
1764298972612,MSFT,SELL,LIMIT,148.85,100,800,1081
1764298972710,MSFT,BUY,MARKET,0.0,200,801,1063
1764298972729,MSFT,BUY,LIMIT,148.65,1000,802,1004
1764298972736,MSFT,SELL,LIMIT,148.84,1000,803,1046
1764298972803,MSFT,SELL,LIMIT,148.86,5000,804,1081
1764298972821,MSFT,BUY,LIMIT,148.63,2000,805,1074
1764298972837,MSFT,SELL,LIMIT,148.72,5000,806,1053
1764298972899,MSFT,SELL,LIMIT,148.61,1000,807,1094
1764298972923,MSFT,SELL,LIMIT,148.55,500,808,1076
1764298973016,MSFT,SELL,LIMIT,148.54,100,809,1021
1764298973022,MSFT,SELL,MARKET,0.0,5000,810,1027
1764298973075,MSFT,SELL,LIMIT,148.6,5000,811,1060
1764298973095,MSFT,SELL,LIMIT,148.72,200,812,1015
1764298973113,MSFT,SELL,LIMIT,148.65,200,813,1028
1764298973183,MSFT,SELL,LIMIT,148.67,1000,814,1023
1764298973248,MSFT,BUY,LIMIT,148.65,500,815,1019
1764298973332,MSFT,BUY,LIMIT,148.68,200,816,1072
1764298973400,MSFT,BUY,LIMIT,148.75,2000,817,1034
1764298973473,MSFT,SELL,LIMIT,148.77,100,818,1100
1764298973476,MSFT,SELL,LIMIT,148.75,100,819,1075
1764298973520,MSFT,BUY,LIMIT,148.73,2000,820,1008
1764298973541,MSFT,SELL,LIMIT,148.93,5000,821,1025
1764298973639,MSFT,BUY,LIMIT,148.75,2000,822,1058
1764298973735,MSFT,BUY,LIMIT,148.69,200,823,1048
1764298973739,MSFT,BUY,LIMIT,148.77,2000,824,1018
1764298973799,MSFT,BUY,LIMIT,148.64,2000,825,1055
1764298973802,MSFT,BUY,LIMIT,148.7,200,826,1097
1764298973861,MSFT,BUY,MARKET,0.0,200,827,1067
1764298973925,MSFT,BUY,LIMIT,148.73,200,828,1004
1764298973944,MSFT,SELL,LIMIT,148.88,100,829,1053
1764298973994,MSFT,BUY,LIMIT,148.7,500,830,1037
1764298974020,MSFT,SELL,LIMIT,148.89,100,831,1053
1764298974114,MSFT,BUY,LIMIT,148.76,5000,832,1000
1764298974130,MSFT,SELL,LIMIT,148.91,100,833,1039
1764298974224,MSFT,SELL,LIMIT,148.91,100,834,1006
1764298974270,MSFT,SELL,MARKET,0.0,200,835,1077
1764298974289,MSFT,BUY,LIMIT,148.94,1000,836,1092
1764298974328,MSFT,BUY,LIMIT,148.83,5000,837,1083
1764298974338,MSFT,BUY,MARKET,0.0,1000,838,1064
1764298974370,MSFT,BUY,LIMIT,148.88,1000,839,1089
1764298974400,MSFT,SELL,LIMIT,148.99,200,840,1024
1764298974459,MSFT,SELL,LIMIT,148.98,200,841,1031
1764298974503,MSFT,SELL,LIMIT,149.06,1000,842,1074
1764298974548,MSFT,SELL,LIMIT,149.06,200,843,1022
1764298974556,MSFT,BUY,LIMIT,148.82,500,844,1014
1764298974605,MSFT,SELL,MARKET,0.0,1000,845,1067
1764298974642,MSFT,BUY,LIMIT,148.85,1000,846,1035
1764298974719,MSFT,BUY,MARKET,0.0,100,847,1032
1764298974807,MSFT,BUY,LIMIT,148.77,1000,848,1060
1764298974852,MSFT,BUY,LIMIT,148.87,500,849,1082
1764298974950,MSFT,BUY,LIMIT,148.85,2000,850,1025
1764298975038,MSFT,SELL,LIMIT,149.12,100,851,1098
1764298975083,MSFT,BUY,LIMIT,148.89,1000,852,1074
1764298975129,MSFT,BUY,LIMIT,148.99,500,853,1068
1764298975143,MSFT,BUY,LIMIT,148.95,2000,854,1019
1764298975166,MSFT,SELL,LIMIT,149.19,100,855,1086
1764298975170,MSFT,BUY,MARKET,0.0,2000,856,1077
1764298975173,MSFT,SELL,LIMIT,149.29,500,857,1005
1764298975255,MSFT,SELL,LIMIT,149.25,100,858,1087
1764298975324,MSFT,SELL,LIMIT,149.27,5000,859,1064
1764298975372,MSFT,BUY,MARKET,0.0,1000,860,1068
1764298975389,MSFT,SELL,LIMIT,149.33,2000,861,1067
1764298975476,MSFT,SELL,LIMIT,149.37,200,862,1074
1764298975488,MSFT,SELL,LIMIT,149.35,200,863,1061
1764298975545,MSFT,SELL,LIMIT,149.36,200,864,1073
1764298975551,MSFT,BUY,LIMIT,149.28,1000,865,1081
1764298975630,MSFT,BUY,MARKET,0.0,2000,866,1087
1764298975674,MSFT,SELL,LIMIT,149.27,100,867,1100
1764298975720,MSFT,SELL,MARKET,0.0,5000,868,1064
1764298975761,MSFT,BUY,LIMIT,149.16,1000,869,1084
1764298975822,MSFT,BUY,MARKET,0.0,100,870,1023
1764298975918,MSFT,SELL,LIMIT,149.26,100,871,1059
1764298975961,MSFT,SELL,LIMIT,149.27,5000,872,1026
1764298975982,MSFT,BUY,LIMIT,149.15,100,873,1078
1764298976068,MSFT,SELL,LIMIT,149.23,5000,874,1058
1764298976105,MSFT,SELL,MARKET,0.0,100,875,1053
1764298976186,MSFT,BUY,MARKET,0.0,100,876,1082
1764298976263,MSFT,SELL,LIMIT,149.21,500,877,1042
1764298976266,MSFT,SELL,LIMIT,149.16,200,878,1084
1764298976281,MSFT,BUY,MARKET,0.0,1000,879,1020
1764298976353,MSFT,SELL,LIMIT,149.11,5000,880,1060
1764298976427,MSFT,SELL,MARKET,0.0,1000,881,1039
1764298976504,MSFT,BUY,LIMIT,148.98,500,882,1052
1764298976581,MSFT,BUY,LIMIT,148.97,5000,883,1100
1764298976667,MSFT,SELL,MARKET,0.0,100,884,1004
1764298976672,MSFT,BUY,LIMIT,149.07,100,885,1090
1764298976738,MSFT,SELL,LIMIT,149.21,5000,886,1018
1764298976838,MSFT,SELL,LIMIT,149.26,5000,887,1014
1764298976897,MSFT,SELL,LIMIT,149.19,5000,888,1015
1764298976903,MSFT,BUY,LIMIT,149.02,1000,889,1053
1764298976995,MSFT,SELL,LIMIT,149.17,200,890,1018
1764298977080,MSFT,BUY,MARKET,0.0,100,891,1072
1764298977114,MSFT,SELL,LIMIT,149.07,100,892,1037
1764298977204,MSFT,BUY,MARKET,0.0,100,893,1100
1764298977264,MSFT,SELL,LIMIT,149.14,200,894,1018
1764298977317,MSFT,BUY,LIMIT,148.92,100,895,1020
1764298977373,MSFT,SELL,MARKET,0.0,500,896,1042
1764298977441,MSFT,BUY,LIMIT,148.82,100,897,1063
1764298977493,MSFT,SELL,LIMIT,148.93,500,898,1065
1764298977516,MSFT,SELL,LIMIT,148.88,500,899,1043
1764298977572,MSFT,SELL,MARKET,0.0,1000,900,1035
1764298977622,MSFT,SELL,LIMIT,148.86,500,901,1012
1764298977655,MSFT,SELL,MARKET,0.0,500,902,1053
1764298977679,MSFT,SELL,LIMIT,148.99,200,903,1084
1764298977711,MSFT,SELL,LIMIT,148.96,100,904,1100
1764298977798,MSFT,BUY,LIMIT,148.85,200,905,1088
1764298977805,MSFT,BUY,LIMIT,148.82,1000,906,1027
1764298977816,MSFT,BUY,LIMIT,148.81,500,907,1065
1764298977868,MSFT,BUY,LIMIT,148.82,200,908,1080
1764298977967,MSFT,BUY,LIMIT,148.87,5000,909,1008
1764298978064,MSFT,BUY,MARKET,0.0,1000,910,1076
1764298978115,MSFT,BUY,MARKET,0.0,100,911,1076
1764298978209,MSFT,BUY,LIMIT,148.92,1000,912,1010
1764298978232,MSFT,SELL,LIMIT,149.04,100,913,1085
1764298978288,MSFT,BUY,LIMIT,148.95,5000,914,1055
1764298978310,MSFT,SELL,LIMIT,148.97,500,915,1022
1764298978314,MSFT,SELL,MARKET,0.0,1000,916,1081
1764298978387,MSFT,SELL,LIMIT,148.91,5000,917,1004
1764298978449,MSFT,SELL,LIMIT,148.9,200,918,1069
1764298978508,MSFT,BUY,LIMIT,148.8,5000,919,1058
1764298978564,MSFT,SELL,LIMIT,148.78,5000,920,1014
1764298978653,MSFT,BUY,MARKET,0.0,1000,921,1022
1764298978682,MSFT,BUY,LIMIT,148.82,200,922,1071
1764298978774,MSFT,SELL,LIMIT,148.98,2000,923,1093
1764298978848,MSFT,BUY,LIMIT,148.82,200,924,1021
1764298978881,MSFT,BUY,MARKET,0.0,1000,925,1071
1764298978926,MSFT,BUY,LIMIT,148.72,1000,926,1048
1764298978944,MSFT,SELL,LIMIT,148.87,200,927,1014
1764298978968,MSFT,BUY,LIMIT,148.7,500,928,1036
1764298979047,MSFT,SELL,LIMIT,148.85,2000,929,1020
1764298979049,MSFT,BUY,LIMIT,148.74,200,930,1016
1764298979075,MSFT,SELL,LIMIT,148.9,2000,931,1078
1764298979170,MSFT,SELL,LIMIT,148.95,1000,932,1043
1764298979181,MSFT,SELL,MARKET,0.0,2000,933,1061
1764298979236,MSFT,BUY,LIMIT,148.66,1000,934,1051
1764298979253,MSFT,BUY,LIMIT,148.59,200,935,1096
1764298979285,MSFT,SELL,LIMIT,148.68,1000,936,1007
1764298979297,MSFT,BUY,LIMIT,148.56,2000,937,1033
1764298979395,MSFT,SELL,LIMIT,148.65,1000,938,1076
1764298979482,MSFT,SELL,LIMIT,148.61,100,939,1083
1764298979488,MSFT,BUY,LIMIT,148.49,1000,940,1081
1764298979530,MSFT,BUY,LIMIT,148.42,100,941,1098
1764298979586,MSFT,SELL,MARKET,0.0,200,942,1062
1764298979595,MSFT,BUY,LIMIT,148.27,200,943,1035
1764298979654,MSFT,BUY,LIMIT,148.31,100,944,1028
1764298979670,MSFT,BUY,LIMIT,148.42,2000,945,1054
1764298979697,MSFT,SELL,LIMIT,148.59,5000,946,1035
1764298979795,MSFT,BUY,LIMIT,148.47,5000,947,1077
1764298979885,MSFT,SELL,MARKET,0.0,500,948,1018
1764298979967,MSFT,BUY,LIMIT,148.44,500,949,1000
1764298980035,MSFT,BUY,MARKET,0.0,5000,950,1091
1764298980036,MSFT,BUY,LIMIT,148.47,500,951,1096
1764298980050,MSFT,SELL,LIMIT,148.59,200,952,1011
1764298980084,MSFT,BUY,LIMIT,148.45,5000,953,1069
1764298980177,MSFT,BUY,LIMIT,148.44,5000,954,1086
1764298980226,MSFT,BUY,LIMIT,148.55,200,955,1056
1764298980312,MSFT,SELL,LIMIT,148.71,5000,956,1093
1764298980361,MSFT,BUY,LIMIT,148.65,200,957,1018
1764298980364,MSFT,SELL,MARKET,0.0,2000,958,1015
1764298980387,MSFT,SELL,LIMIT,148.66,1000,959,1056
1764298980486,MSFT,BUY,LIMIT,148.44,200,960,1003
1764298980571,MSFT,SELL,MARKET,0.0,100,961,1037
1764298980657,MSFT,SELL,LIMIT,148.43,200,962,1051
1764298980712,MSFT,SELL,LIMIT,148.47,1000,963,1089
1764298980788,MSFT,SELL,LIMIT,148.48,1000,964,1088
1764298980835,MSFT,SELL,MARKET,0.0,100,965,1013
1764298980869,MSFT,SELL,LIMIT,148.63,2000,966,1016
1764298980881,MSFT,BUY,MARKET,0.0,200,967,1067
1764298980900,MSFT,SELL,LIMIT,148.79,5000,968,1033
1764298981000,MSFT,BUY,LIMIT,148.62,1000,969,1034
1764298981059,MSFT,BUY,MARKET,0.0,2000,970,1089
1764298981147,MSFT,BUY,LIMIT,148.71,200,971,1007
1764298981174,MSFT,BUY,LIMIT,148.73,5000,972,1026
1764298981178,MSFT,SELL,LIMIT,148.84,1000,973,1091
1764298981268,MSFT,SELL,MARKET,0.0,100,974,1076
1764298981333,MSFT,BUY,LIMIT,148.67,200,975,1027
1764298981346,MSFT,BUY,MARKET,0.0,1000,976,1063
1764298981414,MSFT,BUY,LIMIT,148.78,100,977,1040
1764298981453,MSFT,SELL,LIMIT,148.86,5000,978,1100
1764298981482,MSFT,SELL,MARKET,0.0,5000,979,1062
1764298981489,MSFT,BUY,LIMIT,148.85,2000,980,1091
1764298981540,MSFT,BUY,LIMIT,148.8,5000,981,1048
1764298981627,MSFT,SELL,LIMIT,148.92,100,982,1009
1764298981697,MSFT,BUY,LIMIT,148.79,500,983,1027
1764298981709,MSFT,BUY,LIMIT,148.81,2000,984,1076
1764298981715,MSFT,BUY,LIMIT,148.84,2000,985,1072
1764298981742,MSFT,SELL,LIMIT,149.0,100,986,1021
1764298981744,MSFT,BUY,LIMIT,148.8,500,987,1084
1764298981763,MSFT,BUY,LIMIT,148.81,200,988,1053
1764298981858,MSFT,BUY,LIMIT,148.83,500,989,1033
1764298981910,MSFT,SELL,LIMIT,148.81,2000,990,1049
1764298982008,MSFT,BUY,LIMIT,148.63,500,991,1029
1764298982028,MSFT,BUY,LIMIT,148.66,200,992,1057
1764298982121,MSFT,SELL,LIMIT,148.75,100,993,1022
1764298982159,MSFT,BUY,LIMIT,148.51,200,994,1031
1764298982228,MSFT,SELL,LIMIT,148.76,1000,995,1100
1764298982325,MSFT,SELL,LIMIT,148.75,1000,996,1066
1764298982386,MSFT,SELL,MARKET,0.0,100,997,1068
1764298982473,MSFT,SELL,MARKET,0.0,2000,998,1086
1764298982548,MSFT,SELL,LIMIT,148.7,5000,999,1033
1764298982643,MSFT,SELL,LIMIT,148.68,500,1000,1020
1764298982645,MSFT,SELL,LIMIT,148.6,1000,1001,1037
1764298982663,MSFT,SELL,LIMIT,148.57,500,1002,1073
1764298982686,MSFT,BUY,LIMIT,148.37,5000,1003,1042
1764298982728,MSFT,BUY,LIMIT,148.32,1000,1004,1087
1764298982729,MSFT,BUY,LIMIT,148.32,2000,1005,1009
1764298982794,MSFT,BUY,LIMIT,148.29,500,1006,1079
1764298982860,MSFT,SELL,LIMIT,148.26,200,1007,1045
1764298982902,MSFT,BUY,LIMIT,148.3,500,1008,1062
1764298982992,MSFT,SELL,LIMIT,148.36,2000,1009,1048
1764298983054,MSFT,SELL,LIMIT,148.29,2000,1010,1054
1764298983113,MSFT,BUY,MARKET,0.0,5000,1011,1049
1764298983120,MSFT,BUY,LIMIT,148.15,100,1012,1003
1764298983149,MSFT,SELL,LIMIT,148.27,100,1013,1030
1764298983195,MSFT,SELL,LIMIT,148.15,500,1014,1030
1764298983234,MSFT,BUY,LIMIT,148.01,100,1015,1081
1764298983278,MSFT,SELL,LIMIT,148.1,5000,1016,1061
1764298983314,MSFT,SELL,LIMIT,148.11,100,1017,1082
1764298983382,MSFT,SELL,LIMIT,148.07,100,1018,1099
1764298983427,MSFT,SELL,MARKET,0.0,100,1019,1000
1764298983468,MSFT,SELL,LIMIT,148.07,2000,1020,1051
1764298983502,MSFT,SELL,MARKET,0.0,1000,1021,1062
1764298983597,MSFT,SELL,MARKET,0.0,200,1022,1016
1764298983666,MSFT,BUY,MARKET,0.0,200,1023,1091
1764298983723,MSFT,BUY,LIMIT,147.97,500,1024,1079
1764298983776,MSFT,BUY,MARKET,0.0,1000,1025,1018
1764298983816,MSFT,SELL,LIMIT,148.17,2000,1026,1044
1764298983820,MSFT,SELL,MARKET,0.0,500,1027,1026
1764298983914,MSFT,BUY,LIMIT,148.21,2000,1028,1027
1764298983969,MSFT,BUY,LIMIT,148.19,5000,1029,1031
1764298984027,MSFT,BUY,LIMIT,148.23,2000,1030,1034
1764298984044,MSFT,SELL,LIMIT,148.37,200,1031,1071
1764298984092,MSFT,BUY,LIMIT,148.23,100,1032,1098
1764298984137,MSFT,SELL,LIMIT,148.47,200,1033,1013
1764298984145,MSFT,BUY,LIMIT,148.41,5000,1034,1074
1764298984232,MSFT,SELL,LIMIT,148.45,5000,1035,1048
1764298984264,MSFT,SELL,LIMIT,148.55,1000,1036,1061
1764298984360,MSFT,BUY,LIMIT,148.59,200,1037,1045
1764298984457,MSFT,BUY,LIMIT,148.56,1000,1038,1072
1764298984479,MSFT,BUY,LIMIT,148.68,200,1039,1067
1764298984575,MSFT,SELL,LIMIT,148.74,200,1040,1064
1764298984667,MSFT,SELL,LIMIT,148.82,5000,1041,1067
1764298984750,MSFT,BUY,MARKET,0.0,200,1042,1002
1764298984779,MSFT,SELL,LIMIT,148.7,2000,1043,1062
1764298984860,MSFT,SELL,LIMIT,148.76,2000,1044,1032
1764298984884,MSFT,SELL,LIMIT,148.66,500,1045,1090
1764298984978,MSFT,BUY,LIMIT,148.47,2000,1046,1011
1764298984994,MSFT,SELL,MARKET,0.0,5000,1047,1095
1764298985035,MSFT,BUY,LIMIT,148.45,500,1048,1025
1764298985067,MSFT,SELL,LIMIT,148.69,200,1049,1071
1764298985104,MSFT,SELL,MARKET,0.0,100,1050,1042
1764298985197,MSFT,BUY,LIMIT,148.64,1000,1051,1012
1764298985245,MSFT,BUY,LIMIT,148.69,2000,1052,1063
1764298985332,MSFT,SELL,LIMIT,148.88,500,1053,1099
1764298985336,MSFT,SELL,MARKET,0.0,2000,1054,1020
1764298985389,MSFT,BUY,MARKET,0.0,100,1055,1070
1764298985411,MSFT,BUY,LIMIT,148.71,1000,1056,1075
1764298985470,MSFT,BUY,MARKET,0.0,2000,1057,1041
1764298985494,MSFT,SELL,LIMIT,148.86,200,1058,1038
1764298985567,MSFT,SELL,LIMIT,148.95,2000,1059,1070
1764298985592,MSFT,SELL,MARKET,0.0,5000,1060,1027
1764298985658,MSFT,BUY,MARKET,0.0,2000,1061,1083
1764298985747,MSFT,BUY,LIMIT,149.05,2000,1062,1065
1764298985840,MSFT,BUY,LIMIT,149.15,2000,1063,1069
1764298985882,MSFT,SELL,LIMIT,149.24,5000,1064,1074
1764298985902,MSFT,SELL,MARKET,0.0,1000,1065,1090
1764298985988,MSFT,SELL,LIMIT,149.15,2000,1066,1024
1764298986018,MSFT,SELL,LIMIT,149.13,100,1067,1066
1764298986021,MSFT,SELL,LIMIT,149.13,500,1068,1046
1764298986071,MSFT,BUY,LIMIT,148.95,500,1069,1067
1764298986096,MSFT,SELL,LIMIT,149.0,500,1070,1008
1764298986131,MSFT,BUY,LIMIT,148.89,100,1071,1026
1764298986184,MSFT,BUY,MARKET,0.0,100,1072,1058
1764298986243,MSFT,BUY,LIMIT,148.92,100,1073,1058
1764298986254,MSFT,SELL,LIMIT,148.97,200,1074,1046
1764298986354,MSFT,BUY,LIMIT,148.92,200,1075,1040
1764298986378,MSFT,SELL,LIMIT,148.99,2000,1076,1064
1764298986454,MSFT,BUY,LIMIT,148.86,200,1077,1024
1764298986455,MSFT,BUY,LIMIT,148.8,2000,1078,1086
1764298986522,MSFT,SELL,LIMIT,148.93,2000,1079,1046
1764298986572,MSFT,SELL,LIMIT,148.83,100,1080,1026
1764298986636,MSFT,BUY,MARKET,0.0,5000,1081,1074
1764298986701,MSFT,BUY,LIMIT,148.77,200,1082,1074
1764298986760,MSFT,BUY,MARKET,0.0,200,1083,1064
1764298986767,MSFT,SELL,LIMIT,148.86,200,1084,1011
1764298986863,MSFT,SELL,MARKET,0.0,5000,1085,1088
1764298986928,MSFT,BUY,MARKET,0.0,1000,1086,1001
1764298987009,MSFT,SELL,LIMIT,148.87,5000,1087,1000
1764298987079,MSFT,SELL,LIMIT,148.94,100,1088,1069
1764298987086,MSFT,SELL,LIMIT,148.92,2000,1089,1063
1764298987162,MSFT,BUY,MARKET,0.0,2000,1090,1037
1764298987186,MSFT,SELL,MARKET,0.0,500,1091,1006
1764298987203,MSFT,SELL,LIMIT,149.05,100,1092,1083
1764298987277,MSFT,BUY,LIMIT,148.99,500,1093,1021
1764298987368,MSFT,BUY,LIMIT,149.01,100,1094,1039
1764298987458,MSFT,BUY,LIMIT,148.96,500,1095,1086
1764298987462,MSFT,BUY,LIMIT,148.91,100,1096,1007
1764298987543,MSFT,SELL,LIMIT,149.01,500,1097,1033
1764298987605,MSFT,BUY,LIMIT,148.86,2000,1098,1050
1764298987669,MSFT,SELL,LIMIT,148.89,100,1099,1014
1764298987752,MSFT,BUY,LIMIT,148.78,1000,1100,1085
1764298987817,MSFT,SELL,LIMIT,148.8,200,1101,1079
1764298987828,MSFT,BUY,LIMIT,148.7,2000,1102,1040
1764298987923,MSFT,BUY,MARKET,0.0,1000,1103,1028
1764298987997,MSFT,BUY,MARKET,0.0,1000,1104,1024
1764298988060,MSFT,BUY,LIMIT,148.7,1000,1105,1086
1764298988093,MSFT,SELL,LIMIT,148.71,2000,1106,1067
1764298988096,MSFT,BUY,LIMIT,148.52,5000,1107,1013
1764298988114,MSFT,SELL,LIMIT,148.62,500,1108,1021
1764298988199,MSFT,BUY,LIMIT,148.46,200,1109,1014
1764298988214,MSFT,SELL,MARKET,0.0,100,1110,1019
1764298988304,MSFT,BUY,LIMIT,148.51,2000,1111,1043
1764298988376,MSFT,SELL,LIMIT,148.66,2000,1112,1094
1764298988460,MSFT,BUY,LIMIT,148.49,200,1113,1068
1764298988528,MSFT,SELL,LIMIT,148.64,5000,1114,1087
1764298988564,MSFT,SELL,LIMIT,148.55,1000,1115,1025
1764298988574,MSFT,BUY,LIMIT,148.43,1000,1116,1054
1764298988642,MSFT,SELL,LIMIT,148.49,200,1117,1082
1764298988741,MSFT,SELL,LIMIT,148.43,1000,1118,1089
1764298988771,MSFT,BUY,LIMIT,148.32,1000,1119,1029
1764298988863,MSFT,SELL,LIMIT,148.44,100,1120,1094
1764298988935,MSFT,BUY,LIMIT,148.23,200,1121,1038
1764298989007,MSFT,SELL,LIMIT,148.33,100,1122,1031
1764298989028,MSFT,BUY,LIMIT,148.2,500,1123,1000
1764298989066,MSFT,SELL,LIMIT,148.37,5000,1124,1073
1764298989119,MSFT,SELL,LIMIT,148.36,500,1125,1023
1764298989195,MSFT,SELL,LIMIT,148.28,1000,1126,1090
1764298989258,MSFT,SELL,LIMIT,148.3,2000,1127,1044
1764298989279,MSFT,BUY,MARKET,0.0,2000,1128,1014
1764298989328,MSFT,BUY,LIMIT,148.28,100,1129,1082
1764298989378,MSFT,BUY,LIMIT,148.35,5000,1130,1032
1764298989438,MSFT,SELL,LIMIT,148.43,500,1131,1092
1764298989500,MSFT,BUY,LIMIT,148.35,100,1132,1031
1764298989514,MSFT,SELL,LIMIT,148.59,1000,1133,1027
1764298989539,MSFT,SELL,MARKET,0.0,200,1134,1082
1764298989589,MSFT,SELL,LIMIT,148.63,2000,1135,1068
1764298989681,MSFT,BUY,LIMIT,148.51,2000,1136,1024
1764298989699,MSFT,BUY,LIMIT,148.65,500,1137,1001
1764298989705,MSFT,SELL,LIMIT,148.86,500,1138,1078
1764298989741,MSFT,BUY,LIMIT,148.78,500,1139,1022
1764298989778,MSFT,SELL,MARKET,0.0,5000,1140,1006
1764298989845,MSFT,SELL,LIMIT,148.75,200,1141,1036
1764298989883,MSFT,BUY,LIMIT,148.72,500,1142,1020
1764298989960,MSFT,BUY,LIMIT,148.71,5000,1143,1001
1764298990001,MSFT,BUY,LIMIT,148.71,100,1144,1074
1764298990087,MSFT,BUY,LIMIT,148.62,500,1145,1021
1764298990139,MSFT,BUY,MARKET,0.0,1000,1146,1046
1764298990232,MSFT,BUY,MARKET,0.0,100,1147,1011
1764298990277,MSFT,BUY,LIMIT,148.64,2000,1148,1001
1764298990364,MSFT,SELL,LIMIT,148.72,2000,1149,1014
1764298990435,MSFT,SELL,LIMIT,148.68,500,1150,1005
1764298990489,MSFT,SELL,MARKET,0.0,500,1151,1038
1764298990504,MSFT,BUY,LIMIT,148.58,100,1152,1055
1764298990535,MSFT,BUY,LIMIT,148.45,5000,1153,1001
1764298990577,MSFT,SELL,LIMIT,148.61,200,1154,1063
1764298990641,MSFT,BUY,LIMIT,148.53,500,1155,1034
1764298990677,MSFT,BUY,LIMIT,148.41,5000,1156,1008
1764298990772,MSFT,BUY,LIMIT,148.51,1000,1157,1074
1764298990817,MSFT,BUY,LIMIT,148.39,500,1158,1093
1764298990888,MSFT,BUY,LIMIT,148.48,1000,1159,1057
1764298990921,MSFT,BUY,LIMIT,148.43,200,1160,1005
1764298990964,MSFT,SELL,LIMIT,148.44,1000,1161,1042
1764298990991,MSFT,BUY,LIMIT,148.42,500,1162,1006
1764298990998,MSFT,BUY,MARKET,0.0,100,1163,1043
1764298991028,MSFT,SELL,LIMIT,148.51,5000,1164,1049
1764298991117,MSFT,SELL,LIMIT,148.52,5000,1165,1049
1764298991164,MSFT,SELL,LIMIT,148.52,500,1166,1041
1764298991254,MSFT,SELL,LIMIT,148.41,100,1167,1067
1764298991354,MSFT,BUY,LIMIT,148.29,1000,1168,1052
1764298991405,MSFT,BUY,MARKET,0.0,500,1169,1025
1764298991447,MSFT,BUY,LIMIT,148.43,100,1170,1029
1764298991507,MSFT,SELL,LIMIT,148.61,5000,1171,1089
1764298991587,MSFT,SELL,MARKET,0.0,5000,1172,1093
1764298991618,MSFT,BUY,LIMIT,148.61,100,1173,1017
1764298991707,MSFT,BUY,LIMIT,148.5,500,1174,1072
1764298991762,MSFT,SELL,MARKET,0.0,500,1175,1044
1764298991788,MSFT,SELL,LIMIT,148.69,2000,1176,1085
1764298991817,MSFT,BUY,LIMIT,148.52,1000,1177,1033
1764298991885,MSFT,SELL,MARKET,0.0,500,1178,1014
1764298991980,MSFT,BUY,LIMIT,148.64,1000,1179,1040
1764298992057,MSFT,SELL,LIMIT,148.82,1000,1180,1016
1764298992108,MSFT,SELL,LIMIT,148.87,100,1181,1061
1764298992156,MSFT,SELL,LIMIT,148.91,5000,1182,1001
1764298992225,MSFT,BUY,LIMIT,148.76,200,1183,1040
1764298992314,MSFT,BUY,LIMIT,148.72,5000,1184,1026
1764298992377,MSFT,SELL,MARKET,0.0,5000,1185,1024
1764298992426,MSFT,SELL,MARKET,0.0,5000,1186,1049
1764298992432,MSFT,BUY,MARKET,0.0,200,1187,1062
1764298992485,MSFT,BUY,LIMIT,148.56,200,1188,1067
1764298992494,MSFT,SELL,LIMIT,148.75,200,1189,1072
1764298992572,MSFT,SELL,MARKET,0.0,100,1190,1085
1764298992614,MSFT,SELL,LIMIT,148.71,5000,1191,1006
1764298992668,MSFT,SELL,LIMIT,148.77,100,1192,1007
1764298992691,MSFT,SELL,LIMIT,148.79,5000,1193,1099
1764298992738,MSFT,BUY,LIMIT,148.7,100,1194,1034
1764298992784,MSFT,BUY,MARKET,0.0,500,1195,1083
1764298992879,MSFT,SELL,LIMIT,148.76,100,1196,1058
1764298992967,MSFT,BUY,MARKET,0.0,500,1197,1063
1764298992993,MSFT,SELL,LIMIT,148.67,2000,1198,1078
1764298993033,MSFT,BUY,LIMIT,148.52,5000,1199,1075
1764298993126,MSFT,BUY,LIMIT,148.6,500,1200,1026
1764298993185,MSFT,BUY,LIMIT,148.54,200,1201,1013
1764298993219,MSFT,SELL,LIMIT,148.74,100,1202,1076
1764298993230,MSFT,BUY,LIMIT,148.73,200,1203,1027
1764298993329,MSFT,SELL,LIMIT,148.78,100,1204,1079
1764298993335,MSFT,SELL,LIMIT,148.69,500,1205,1098
1764298993348,MSFT,BUY,LIMIT,148.49,5000,1206,1073
1764298993427,MSFT,BUY,LIMIT,148.52,5000,1207,1025
1764298993475,MSFT,BUY,LIMIT,148.53,200,1208,1020
1764298993526,MSFT,SELL,LIMIT,148.53,100,1209,1008
1764298993565,MSFT,BUY,LIMIT,148.41,200,1210,1002
1764298993653,MSFT,SELL,LIMIT,148.5,2000,1211,1019
1764298993732,MSFT,SELL,LIMIT,148.48,1000,1212,1007
1764298993753,MSFT,BUY,LIMIT,148.43,1000,1213,1064
1764298993828,MSFT,SELL,MARKET,0.0,200,1214,1027
1764298993897,MSFT,BUY,LIMIT,148.44,200,1215,1052
1764298993940,MSFT,BUY,LIMIT,148.32,500,1216,1015
1764298993996,MSFT,BUY,LIMIT,148.3,5000,1217,1085
1764298994002,MSFT,BUY,LIMIT,148.36,5000,1218,1059
1764298994072,MSFT,BUY,LIMIT,148.36,500,1219,1050
1764298994130,MSFT,BUY,LIMIT,148.47,1000,1220,1023
1764298994229,MSFT,BUY,LIMIT,148.4,200,1221,1005
1764298994258,MSFT,BUY,LIMIT,148.38,5000,1222,1042
1764298994350,MSFT,SELL,LIMIT,148.56,2000,1223,1037
1764298994384,MSFT,SELL,LIMIT,148.64,2000,1224,1044
1764298994389,MSFT,BUY,MARKET,0.0,5000,1225,1083
1764298994438,MSFT,BUY,LIMIT,148.64,5000,1226,1029
1764298994522,MSFT,SELL,LIMIT,148.65,1000,1227,1042
1764298994558,MSFT,BUY,LIMIT,148.48,500,1228,1090
1764298994582,MSFT,SELL,LIMIT,148.56,500,1229,1030
1764298994634,MSFT,BUY,LIMIT,148.36,2000,1230,1001
1764298994657,MSFT,BUY,LIMIT,148.42,200,1231,1030
1764298994698,MSFT,BUY,LIMIT,148.46,2000,1232,1094
1764298994722,MSFT,BUY,LIMIT,148.48,5000,1233,1060
1764298994756,MSFT,SELL,MARKET,0.0,5000,1234,1003
1764298994766,MSFT,BUY,MARKET,0.0,5000,1235,1013
1764298994849,MSFT,SELL,LIMIT,148.72,100,1236,1009
1764298994875,MSFT,BUY,MARKET,0.0,100,1237,1058
1764298994883,MSFT,BUY,LIMIT,148.6,2000,1238,1094
1764298994891,MSFT,BUY,LIMIT,148.68,100,1239,1063
1764298994954,MSFT,BUY,LIMIT,148.53,200,1240,1077
1764298995051,MSFT,SELL,LIMIT,148.56,200,1241,1065
1764298995060,MSFT,SELL,LIMIT,148.59,100,1242,1039
1764298995127,MSFT,SELL,LIMIT,148.57,2000,1243,1096
1764298995171,MSFT,BUY,MARKET,0.0,500,1244,1032
1764298995178,MSFT,BUY,LIMIT,148.35,5000,1245,1040
1764298995275,MSFT,BUY,LIMIT,148.31,2000,1246,1031
1764298995322,MSFT,BUY,MARKET,0.0,500,1247,1003
1764298995373,MSFT,BUY,MARKET,0.0,200,1248,1049
1764298995469,MSFT,SELL,LIMIT,148.47,500,1249,1069
1764298995536,MSFT,BUY,MARKET,0.0,2000,1250,1099
1764298995593,MSFT,SELL,LIMIT,148.48,500,1251,1066
1764298995641,MSFT,BUY,MARKET,0.0,2000,1252,1100
1764298995662,MSFT,BUY,LIMIT,148.42,100,1253,1071
1764298995750,MSFT,BUY,LIMIT,148.45,200,1254,1067
1764298995764,MSFT,BUY,LIMIT,148.36,5000,1255,1020
1764298995775,MSFT,SELL,LIMIT,148.49,2000,1256,1099
1764298995821,MSFT,BUY,MARKET,0.0,5000,1257,1052
1764298995865,MSFT,BUY,LIMIT,148.42,500,1258,1034
1764298995920,MSFT,SELL,MARKET,0.0,500,1259,1007
1764298995951,MSFT,SELL,LIMIT,148.58,1000,1260,1003
1764298995991,MSFT,SELL,MARKET,0.0,2000,1261,1012
1764298996086,MSFT,SELL,MARKET,0.0,2000,1262,1097
1764298996129,MSFT,BUY,LIMIT,148.39,2000,1263,1088
1764298996218,MSFT,SELL,LIMIT,148.68,200,1264,1015
1764298996318,MSFT,SELL,LIMIT,148.58,500,1265,1026
1764298996380,MSFT,SELL,LIMIT,148.56,100,1266,1034
1764298996431,MSFT,BUY,LIMIT,148.52,100,1267,1015
1764298996435,MSFT,SELL,LIMIT,148.64,1000,1268,1019
1764298996477,MSFT,SELL,LIMIT,148.63,1000,1269,1047
1764298996543,MSFT,BUY,LIMIT,148.46,2000,1270,1091
1764298996641,MSFT,SELL,LIMIT,148.72,500,1271,1034
1764298996677,MSFT,SELL,LIMIT,148.69,2000,1272,1027
1764298996707,MSFT,BUY,MARKET,0.0,2000,1273,1037
1764298996784,MSFT,SELL,LIMIT,148.71,500,1274,1022
1764298996876,MSFT,BUY,MARKET,0.0,5000,1275,1054
1764298996968,MSFT,SELL,LIMIT,148.73,1000,1276,1051
1764298997050,MSFT,BUY,LIMIT,148.55,500,1277,1011
1764298997075,MSFT,SELL,MARKET,0.0,2000,1278,1069
1764298997137,MSFT,SELL,MARKET,0.0,100,1279,1087
1764298997230,MSFT,SELL,LIMIT,148.47,1000,1280,1062
1764298997261,MSFT,SELL,LIMIT,148.45,500,1281,1011
1764298997311,MSFT,BUY,LIMIT,148.5,2000,1282,1055
1764298997315,MSFT,SELL,LIMIT,148.56,2000,1283,1070
1764298997319,MSFT,BUY,LIMIT,148.57,100,1284,1094
1764298997380,MSFT,SELL,MARKET,0.0,2000,1285,1013
1764298997389,MSFT,BUY,LIMIT,148.47,1000,1286,1095
1764298997466,MSFT,SELL,MARKET,0.0,2000,1287,1092
1764298997536,MSFT,BUY,LIMIT,148.52,1000,1288,1067
1764298997561,MSFT,BUY,LIMIT,148.46,5000,1289,1061
1764298997615,MSFT,BUY,LIMIT,148.4,100,1290,1089
1764298997618,MSFT,BUY,MARKET,0.0,2000,1291,1075
1764298997650,MSFT,BUY,LIMIT,148.27,100,1292,1028
1764298997746,MSFT,SELL,LIMIT,148.35,2000,1293,1081
1764298997817,MSFT,SELL,LIMIT,148.31,5000,1294,1071
1764298997845,MSFT,BUY,LIMIT,148.18,1000,1295,1015
1764298997878,MSFT,BUY,MARKET,0.0,2000,1296,1039
1764298997947,MSFT,BUY,MARKET,0.0,2000,1297,1021
1764298998018,MSFT,BUY,LIMIT,148.24,500,1298,1089
1764298998058,MSFT,BUY,LIMIT,148.32,2000,1299,1012
1764298998138,MSFT,SELL,LIMIT,148.42,5000,1300,1007
1764298998149,MSFT,BUY,MARKET,0.0,2000,1301,1074
1764298998200,MSFT,BUY,LIMIT,148.36,5000,1302,1078
1764298998219,MSFT,BUY,MARKET,0.0,2000,1303,1094
1764298998230,MSFT,BUY,MARKET,0.0,200,1304,1029
1764298998237,MSFT,SELL,LIMIT,148.44,200,1305,1078
1764298998311,MSFT,BUY,LIMIT,148.34,1000,1306,1079
1764298998381,MSFT,SELL,MARKET,0.0,200,1307,1027
1764298998444,MSFT,BUY,MARKET,0.0,500,1308,1046
1764298998464,MSFT,BUY,LIMIT,148.22,1000,1309,1085
1764298998525,MSFT,BUY,MARKET,0.0,100,1310,1086
1764298998534,MSFT,SELL,LIMIT,148.29,1000,1311,1002
1764298998563,MSFT,SELL,LIMIT,148.23,2000,1312,1083
1764298998615,MSFT,SELL,LIMIT,148.3,500,1313,1080
1764298998666,MSFT,BUY,LIMIT,148.31,1000,1314,1049
1764298998763,MSFT,SELL,LIMIT,148.36,5000,1315,1067
1764298998825,MSFT,SELL,LIMIT,148.37,2000,1316,1090
1764298998903,MSFT,BUY,LIMIT,148.27,100,1317,1004
1764298998947,MSFT,BUY,LIMIT,148.37,1000,1318,1035
1764298998955,MSFT,BUY,LIMIT,148.29,5000,1319,1051
1764298998988,MSFT,BUY,LIMIT,148.25,2000,1320,1099
1764298999073,MSFT,BUY,LIMIT,148.26,500,1321,1064
1764298999075,MSFT,BUY,MARKET,0.0,5000,1322,1091
1764298999105,MSFT,BUY,LIMIT,148.35,5000,1323,1009
1764298999155,MSFT,BUY,MARKET,0.0,100,1324,1004
1764298999159,MSFT,SELL,LIMIT,148.52,2000,1325,1067
1764298999197,MSFT,SELL,LIMIT,148.48,200,1326,1043
1764298999203,MSFT,SELL,LIMIT,148.42,500,1327,1028
1764298999244,MSFT,SELL,LIMIT,148.46,100,1328,1064
1764298999335,MSFT,SELL,LIMIT,148.51,100,1329,1050
1764298999364,MSFT,SELL,MARKET,0.0,5000,1330,1074
1764298999453,MSFT,SELL,LIMIT,148.43,500,1331,1018
1764298999512,MSFT,SELL,LIMIT,148.4,2000,1332,1016
1764298999608,MSFT,SELL,LIMIT,148.53,2000,1333,1094
1764298999708,MSFT,BUY,LIMIT,148.45,1000,1334,1013
1764298999755,MSFT,SELL,LIMIT,148.61,1000,1335,1029
1764298999822,MSFT,BUY,LIMIT,148.54,500,1336,1026
1764298999840,MSFT,BUY,LIMIT,148.49,1000,1337,1042
1764298999845,MSFT,SELL,MARKET,0.0,500,1338,1088
1764298999903,MSFT,BUY,LIMIT,148.46,500,1339,1036
1764298999907,MSFT,SELL,LIMIT,148.48,2000,1340,1077
1764299000004,MSFT,BUY,MARKET,0.0,500,1341,1029
1764299000054,MSFT,SELL,LIMIT,148.65,100,1342,1093
1764299000073,MSFT,SELL,LIMIT,148.64,200,1343,1035
1764299000157,MSFT,BUY,LIMIT,148.56,1000,1344,1077
1764299000208,MSFT,BUY,MARKET,0.0,1000,1345,1015
1764299000276,MSFT,BUY,LIMIT,148.52,1000,1346,1072
1764299000300,MSFT,BUY,LIMIT,148.39,100,1347,1054
1764299000309,MSFT,BUY,LIMIT,148.35,1000,1348,1099
1764299000322,MSFT,BUY,LIMIT,148.29,100,1349,1032
1764299000367,MSFT,BUY,LIMIT,148.35,5000,1350,1036
1764299000380,MSFT,SELL,LIMIT,148.56,2000,1351,1048
1764299000455,MSFT,SELL,LIMIT,148.43,2000,1352,1069
1764299000478,MSFT,BUY,LIMIT,148.36,200,1353,1086
1764299000545,MSFT,SELL,LIMIT,148.44,1000,1354,1091
1764299000621,MSFT,BUY,LIMIT,148.35,5000,1355,1005
1764299000682,MSFT,SELL,LIMIT,148.43,500,1356,1073
1764299000699,MSFT,SELL,LIMIT,148.51,100,1357,1018
1764299000716,MSFT,SELL,LIMIT,148.45,5000,1358,1021
1764299000763,MSFT,BUY,MARKET,0.0,1000,1359,1011
1764299000832,MSFT,BUY,LIMIT,148.38,2000,1360,1036
1764299000911,MSFT,BUY,LIMIT,148.33,100,1361,1044
1764299000983,MSFT,BUY,LIMIT,148.25,200,1362,1020
1764299001014,MSFT,BUY,MARKET,0.0,5000,1363,1074
1764299001084,MSFT,BUY,LIMIT,148.22,2000,1364,1053
1764299001127,MSFT,SELL,LIMIT,148.22,500,1365,1055
1764299001141,MSFT,SELL,LIMIT,148.11,500,1366,1031
1764299001168,MSFT,SELL,LIMIT,148.22,1000,1367,1089
1764299001218,MSFT,SELL,LIMIT,148.27,100,1368,1038
1764299001251,MSFT,BUY,MARKET,0.0,200,1369,1047
1764299001266,MSFT,BUY,LIMIT,148.06,500,1370,1028
1764299001366,MSFT,BUY,LIMIT,148.03,200,1371,1031
1764299001434,MSFT,BUY,LIMIT,148.03,200,1372,1026
1764299001516,MSFT,SELL,LIMIT,148.18,2000,1373,1095
1764299001591,MSFT,SELL,LIMIT,148.02,200,1374,1023
1764299001675,MSFT,BUY,LIMIT,147.86,100,1375,1020
1764299001699,MSFT,SELL,LIMIT,148.01,100,1376,1063
1764299001711,MSFT,BUY,MARKET,0.0,100,1377,1014
1764299001787,MSFT,SELL,LIMIT,148.01,5000,1378,1074
1764299001837,MSFT,SELL,LIMIT,147.93,200,1379,1036
1764299001862,MSFT,BUY,MARKET,0.0,5000,1380,1079
1764299001960,MSFT,BUY,LIMIT,147.79,1000,1381,1040
1764299002044,MSFT,SELL,LIMIT,147.88,2000,1382,1021
1764299002124,MSFT,SELL,LIMIT,147.87,100,1383,1024
1764299002144,MSFT,BUY,LIMIT,147.71,500,1384,1080
1764299002193,MSFT,SELL,LIMIT,147.8,1000,1385,1099
1764299002278,MSFT,SELL,MARKET,0.0,1000,1386,1047
1764299002362,MSFT,SELL,LIMIT,147.75,5000,1387,1004
1764299002414,MSFT,SELL,MARKET,0.0,100,1388,1052
1764299002470,MSFT,BUY,LIMIT,147.75,100,1389,1009
1764299002475,MSFT,SELL,LIMIT,147.83,100,1390,1084
1764299002571,MSFT,SELL,MARKET,0.0,500,1391,1028
1764299002598,MSFT,SELL,LIMIT,147.77,500,1392,1086
1764299002667,MSFT,SELL,LIMIT,147.73,500,1393,1098
1764299002751,MSFT,BUY,LIMIT,147.63,2000,1394,1025
1764299002785,MSFT,BUY,LIMIT,147.68,200,1395,1022
1764299002795,MSFT,BUY,LIMIT,147.68,100,1396,1091
1764299002893,MSFT,SELL,LIMIT,147.81,100,1397,1015
1764299002909,MSFT,BUY,LIMIT,147.73,5000,1398,1054
1764299002981,MSFT,BUY,LIMIT,147.7,2000,1399,1064
1764299003025,MSFT,BUY,LIMIT,147.66,500,1400,1067
1764299003081,MSFT,BUY,MARKET,0.0,500,1401,1075
1764299003179,MSFT,SELL,LIMIT,147.91,5000,1402,1092
1764299003222,MSFT,SELL,LIMIT,147.76,100,1403,1096
1764299003244,MSFT,BUY,LIMIT,147.64,2000,1404,1077
1764299003330,MSFT,BUY,LIMIT,147.64,5000,1405,1004
1764299003372,MSFT,SELL,LIMIT,147.71,500,1406,1028
1764299003446,MSFT,BUY,LIMIT,147.73,200,1407,1034
1764299003505,MSFT,SELL,LIMIT,147.8,500,1408,1095
1764299003520,MSFT,BUY,MARKET,0.0,2000,1409,1031
1764299003528,MSFT,SELL,LIMIT,147.73,2000,1410,1019
1764299003592,MSFT,BUY,LIMIT,147.69,500,1411,1030
1764299003644,MSFT,BUY,LIMIT,147.78,2000,1412,1089
1764299003657,MSFT,BUY,MARKET,0.0,100,1413,1034
1764299003698,MSFT,BUY,LIMIT,147.78,5000,1414,1081
1764299003781,MSFT,SELL,MARKET,0.0,100,1415,1000
1764299003785,MSFT,BUY,LIMIT,147.93,5000,1416,1067
1764299003867,MSFT,BUY,MARKET,0.0,100,1417,1066
1764299003875,MSFT,BUY,MARKET,0.0,2000,1418,1015
1764299003913,MSFT,BUY,LIMIT,147.87,5000,1419,1029
1764299003923,MSFT,BUY,LIMIT,147.89,5000,1420,1022
1764299003934,MSFT,BUY,LIMIT,147.9,1000,1421,1064
1764299004019,MSFT,BUY,LIMIT,147.81,1000,1422,1078
1764299004094,MSFT,BUY,LIMIT,147.74,200,1423,1062
1764299004186,MSFT,BUY,LIMIT,147.74,500,1424,1045
1764299004272,MSFT,BUY,LIMIT,147.64,1000,1425,1007
1764299004332,MSFT,BUY,LIMIT,147.69,100,1426,1048
1764299004383,MSFT,SELL,LIMIT,147.87,1000,1427,1047
1764299004426,MSFT,SELL,MARKET,0.0,1000,1428,1024
1764299004482,MSFT,SELL,LIMIT,147.95,1000,1429,1006
1764299004485,MSFT,SELL,LIMIT,147.84,5000,1430,1045
1764299004497,MSFT,SELL,LIMIT,147.77,2000,1431,1044
1764299004556,MSFT,BUY,MARKET,0.0,100,1432,1003
1764299004653,MSFT,SELL,LIMIT,147.83,1000,1433,1082
1764299004659,MSFT,BUY,LIMIT,147.74,100,1434,1026
1764299004696,MSFT,BUY,LIMIT,147.71,500,1435,1039
1764299004768,MSFT,SELL,LIMIT,147.74,5000,1436,1004
1764299004847,MSFT,SELL,LIMIT,147.83,500,1437,1031
1764299004933,MSFT,BUY,LIMIT,147.76,1000,1438,1004
1764299005007,MSFT,BUY,LIMIT,147.67,200,1439,1033
1764299005057,MSFT,SELL,LIMIT,147.78,500,1440,1023
1764299005108,MSFT,SELL,LIMIT,147.67,1000,1441,1092
1764299005169,MSFT,SELL,LIMIT,147.54,2000,1442,1038
1764299005210,MSFT,SELL,LIMIT,147.66,200,1443,1081
1764299005290,MSFT,SELL,MARKET,0.0,500,1444,1067
1764299005333,MSFT,SELL,MARKET,0.0,500,1445,1022
1764299005402,MSFT,BUY,LIMIT,147.46,100,1446,1044
1764299005404,MSFT,SELL,MARKET,0.0,1000,1447,1061
1764299005490,MSFT,SELL,LIMIT,147.69,2000,1448,1000
1764299005578,MSFT,SELL,LIMIT,147.71,2000,1449,1044
1764299005638,MSFT,SELL,LIMIT,147.67,1000,1450,1026
1764299005714,MSFT,SELL,LIMIT,147.61,2000,1451,1095
1764299005747,MSFT,BUY,LIMIT,147.48,2000,1452,1012
1764299005799,MSFT,SELL,MARKET,0.0,100,1453,1035
1764299005869,MSFT,SELL,MARKET,0.0,500,1454,1088
1764299005882,MSFT,BUY,MARKET,0.0,1000,1455,1023
1764299005884,MSFT,BUY,LIMIT,147.62,500,1456,1093
1764299005911,MSFT,SELL,LIMIT,147.77,200,1457,1092
1764299005935,MSFT,BUY,LIMIT,147.6,1000,1458,1052
1764299005979,MSFT,BUY,LIMIT,147.6,1000,1459,1078
1764299005983,MSFT,SELL,LIMIT,147.67,2000,1460,1089
1764299006002,MSFT,SELL,LIMIT,147.63,200,1461,1008
1764299006030,MSFT,BUY,LIMIT,147.56,1000,1462,1096
1764299006044,MSFT,SELL,LIMIT,147.63,200,1463,1096
1764299006049,MSFT,SELL,LIMIT,147.5,2000,1464,1094
1764299006124,MSFT,BUY,LIMIT,147.52,100,1465,1051
1764299006220,MSFT,BUY,LIMIT,147.55,200,1466,1013
1764299006318,MSFT,BUY,LIMIT,147.53,1000,1467,1031
1764299006369,MSFT,BUY,LIMIT,147.5,1000,1468,1039
1764299006375,MSFT,SELL,LIMIT,147.59,500,1469,1059
1764299006376,MSFT,SELL,LIMIT,147.43,2000,1470,1010
1764299006448,MSFT,BUY,LIMIT,147.3,5000,1471,1046
1764299006532,MSFT,BUY,LIMIT,147.33,1000,1472,1021
1764299006627,MSFT,BUY,LIMIT,147.17,100,1473,1084
1764299006674,MSFT,SELL,LIMIT,147.4,1000,1474,1004
1764299006733,MSFT,SELL,LIMIT,147.37,500,1475,1012
1764299006776,MSFT,BUY,LIMIT,147.31,100,1476,1006
1764299006792,MSFT,BUY,LIMIT,147.33,200,1477,1088
1764299006811,MSFT,SELL,MARKET,0.0,2000,1478,1065
1764299006841,MSFT,BUY,LIMIT,147.34,2000,1479,1019
1764299006927,MSFT,SELL,LIMIT,147.44,2000,1480,1026
1764299006960,MSFT,SELL,LIMIT,147.55,100,1481,1027
1764299006971,MSFT,SELL,LIMIT,147.42,200,1482,1059
1764299007059,MSFT,BUY,LIMIT,147.33,5000,1483,1063
1764299007064,MSFT,BUY,MARKET,0.0,500,1484,1074
1764299007084,MSFT,BUY,LIMIT,147.41,5000,1485,1069
1764299007155,MSFT,SELL,LIMIT,147.53,500,1486,1030
1764299007193,MSFT,BUY,LIMIT,147.47,500,1487,1037
1764299007251,MSFT,SELL,MARKET,0.0,2000,1488,1061
1764299007274,MSFT,SELL,LIMIT,147.47,1000,1489,1091
1764299007326,MSFT,SELL,LIMIT,147.5,500,1490,1006
1764299007365,MSFT,BUY,LIMIT,147.38,100,1491,1008
1764299007383,MSFT,SELL,LIMIT,147.56,2000,1492,1041
1764299007394,MSFT,BUY,MARKET,0.0,1000,1493,1096
1764299007396,MSFT,SELL,LIMIT,147.51,2000,1494,1023
1764299007448,MSFT,BUY,LIMIT,147.5,1000,1495,1059
1764299007453,MSFT,SELL,LIMIT,147.59,1000,1496,1055
1764299007552,MSFT,SELL,MARKET,0.0,100,1497,1091
1764299007597,MSFT,BUY,MARKET,0.0,2000,1498,1088
1764299007674,MSFT,BUY,LIMIT,147.56,2000,1499,1009
1764299007729,MSFT,SELL,LIMIT,147.64,500,1500,1054
1764299007770,MSFT,BUY,MARKET,0.0,100,1501,1015
1764299007836,MSFT,SELL,LIMIT,147.62,100,1502,1042
1764299007868,MSFT,SELL,MARKET,0.0,2000,1503,1002
1764299007910,MSFT,SELL,LIMIT,147.58,500,1504,1037
1764299007996,MSFT,SELL,LIMIT,147.61,200,1505,1005
1764299007997,MSFT,BUY,LIMIT,147.51,500,1506,1080
1764299008022,MSFT,SELL,MARKET,0.0,2000,1507,1086
1764299008091,MSFT,SELL,LIMIT,147.63,100,1508,1087
1764299008124,MSFT,BUY,LIMIT,147.58,500,1509,1013
1764299008142,MSFT,SELL,LIMIT,147.69,5000,1510,1025
1764299008166,MSFT,BUY,LIMIT,147.48,500,1511,1064
1764299008228,MSFT,SELL,LIMIT,147.66,5000,1512,1092
1764299008310,MSFT,SELL,MARKET,0.0,5000,1513,1037
1764299008388,MSFT,SELL,MARKET,0.0,200,1514,1026
1764299008423,MSFT,SELL,LIMIT,147.67,500,1515,1067
1764299008475,MSFT,SELL,LIMIT,147.68,100,1516,1081
1764299008520,MSFT,BUY,LIMIT,147.58,200,1517,1017
1764299008581,MSFT,BUY,LIMIT,147.69,2000,1518,1098
1764299008584,MSFT,SELL,LIMIT,147.8,500,1519,1074
1764299008644,MSFT,BUY,LIMIT,147.65,200,1520,1057
1764299008650,MSFT,SELL,MARKET,0.0,2000,1521,1084
1764299008668,MSFT,SELL,LIMIT,147.87,2000,1522,1061
1764299008724,MSFT,BUY,LIMIT,147.78,5000,1523,1078
1764299008748,MSFT,SELL,LIMIT,147.94,500,1524,1053
1764299008794,MSFT,SELL,LIMIT,148.08,2000,1525,1074
1764299008875,MSFT,SELL,LIMIT,148.02,2000,1526,1015
1764299008928,MSFT,BUY,MARKET,0.0,5000,1527,1062
1764299009016,MSFT,SELL,LIMIT,147.99,100,1528,1053
1764299009062,MSFT,SELL,MARKET,0.0,200,1529,1039
1764299009119,MSFT,BUY,LIMIT,147.76,1000,1530,1043
1764299009163,MSFT,BUY,MARKET,0.0,5000,1531,1017
1764299009227,MSFT,SELL,LIMIT,147.91,5000,1532,1023
1764299009257,MSFT,BUY,LIMIT,147.84,100,1533,1084
1764299009329,MSFT,SELL,MARKET,0.0,200,1534,1053
1764299009366,MSFT,BUY,LIMIT,147.68,200,1535,1073
1764299009414,MSFT,SELL,LIMIT,147.92,200,1536,1026
1764299009478,MSFT,SELL,LIMIT,147.99,1000,1537,1024
1764299009526,MSFT,BUY,LIMIT,147.86,200,1538,1015
1764299009588,MSFT,SELL,MARKET,0.0,500,1539,1013
1764299009610,MSFT,SELL,MARKET,0.0,5000,1540,1027
1764299009633,MSFT,SELL,MARKET,0.0,500,1541,1002
1764299009635,MSFT,BUY,LIMIT,147.89,200,1542,1044
1764299009701,MSFT,BUY,LIMIT,147.8,100,1543,1041
1764299009783,MSFT,SELL,LIMIT,147.97,100,1544,1068
1764299009864,MSFT,SELL,LIMIT,148.03,500,1545,1044
1764299009948,MSFT,SELL,MARKET,0.0,2000,1546,1081
1764299009976,MSFT,BUY,LIMIT,148.01,1000,1547,1090
1764299010066,MSFT,BUY,MARKET,0.0,1000,1548,1080
1764299010132,MSFT,SELL,LIMIT,148.26,200,1549,1019
1764299010227,MSFT,SELL,LIMIT,148.33,500,1550,1071
1764299010251,MSFT,SELL,LIMIT,148.23,5000,1551,1019
1764299010316,MSFT,SELL,LIMIT,148.28,100,1552,1018
1764299010349,MSFT,BUY,MARKET,0.0,1000,1553,1084
1764299010354,MSFT,BUY,LIMIT,148.04,2000,1554,1100
1764299010449,MSFT,SELL,MARKET,0.0,500,1555,1066
1764299010541,MSFT,BUY,LIMIT,148.13,5000,1556,1043
1764299010562,MSFT,SELL,LIMIT,148.22,100,1557,1063
1764299010603,MSFT,BUY,LIMIT,148.08,1000,1558,1064
1764299010636,MSFT,SELL,LIMIT,148.18,100,1559,1071
1764299010655,MSFT,SELL,LIMIT,148.06,100,1560,1027
1764299010673,MSFT,BUY,MARKET,0.0,1000,1561,1013
1764299010714,MSFT,SELL,LIMIT,148.15,1000,1562,1043
1764299010812,MSFT,SELL,LIMIT,148.12,2000,1563,1031
1764299010899,MSFT,SELL,LIMIT,148.03,100,1564,1042
1764299010987,MSFT,SELL,LIMIT,147.96,100,1565,1020
1764299011070,MSFT,SELL,MARKET,0.0,100,1566,1078
1764299011153,MSFT,SELL,MARKET,0.0,2000,1567,1058
1764299011167,MSFT,SELL,LIMIT,148.03,1000,1568,1021
1764299011219,MSFT,SELL,LIMIT,147.97,500,1569,1061
1764299011237,MSFT,SELL,LIMIT,147.9,100,1570,1085
1764299011239,MSFT,SELL,MARKET,0.0,200,1571,1088
1764299011298,MSFT,BUY,MARKET,0.0,100,1572,1021
1764299011337,MSFT,BUY,LIMIT,147.8,2000,1573,1003
1764299011384,MSFT,BUY,MARKET,0.0,5000,1574,1047
1764299011461,MSFT,SELL,LIMIT,147.98,500,1575,1000
1764299011529,MSFT,BUY,LIMIT,147.99,1000,1576,1096
1764299011574,MSFT,SELL,LIMIT,148.14,2000,1577,1032
1764299011633,MSFT,SELL,LIMIT,148.22,500,1578,1047
1764299011719,MSFT,SELL,MARKET,0.0,2000,1579,1006
1764299011784,MSFT,SELL,MARKET,0.0,1000,1580,1077
1764299011825,MSFT,BUY,LIMIT,148.16,500,1581,1016
1764299011915,MSFT,BUY,MARKET,0.0,1000,1582,1021
1764299011957,MSFT,SELL,LIMIT,148.34,500,1583,1073
1764299011987,MSFT,BUY,LIMIT,148.16,500,1584,1053
1764299012024,MSFT,SELL,LIMIT,148.26,1000,1585,1055
1764299012079,MSFT,SELL,MARKET,0.0,500,1586,1036
1764299012084,MSFT,BUY,MARKET,0.0,2000,1587,1032
1764299012129,MSFT,BUY,LIMIT,148.09,1000,1588,1076
1764299012167,MSFT,BUY,LIMIT,148.09,2000,1589,1065
1764299012203,MSFT,SELL,LIMIT,148.22,100,1590,1008
1764299012256,MSFT,BUY,LIMIT,147.98,1000,1591,1026
1764299012337,MSFT,BUY,MARKET,0.0,1000,1592,1031
1764299012341,MSFT,BUY,MARKET,0.0,100,1593,1083
1764299012369,MSFT,BUY,LIMIT,147.87,1000,1594,1002
1764299012407,MSFT,BUY,LIMIT,147.83,1000,1595,1034
1764299012442,MSFT,BUY,LIMIT,147.99,1000,1596,1099
1764299012530,MSFT,BUY,MARKET,0.0,200,1597,1027
1764299012588,MSFT,SELL,LIMIT,148.02,500,1598,1028
1764299012622,MSFT,BUY,MARKET,0.0,1000,1599,1012
1764299012707,MSFT,SELL,LIMIT,147.95,2000,1600,1046
1764299012745,MSFT,SELL,LIMIT,147.94,2000,1601,1052
1764299012771,MSFT,SELL,LIMIT,147.84,5000,1602,1042
1764299012801,MSFT,SELL,LIMIT,147.67,100,1603,1024
1764299012852,MSFT,SELL,MARKET,0.0,100,1604,1002
1764299012880,MSFT,BUY,MARKET,0.0,100,1605,1044
1764299012956,MSFT,BUY,LIMIT,147.67,500,1606,1090
1764299013010,MSFT,BUY,LIMIT,147.72,5000,1607,1086
1764299013079,MSFT,BUY,LIMIT,147.58,1000,1608,1031
1764299013140,MSFT,BUY,LIMIT,147.63,2000,1609,1085
1764299013218,MSFT,SELL,MARKET,0.0,5000,1610,1057
1764299013275,MSFT,SELL,LIMIT,147.7,2000,1611,1023
1764299013373,MSFT,SELL,LIMIT,147.66,1000,1612,1015
1764299013434,MSFT,BUY,LIMIT,147.51,500,1613,1031
1764299013466,MSFT,BUY,LIMIT,147.52,100,1614,1056
1764299013545,MSFT,BUY,LIMIT,147.42,200,1615,1070
1764299013578,MSFT,BUY,LIMIT,147.49,500,1616,1099
1764299013631,MSFT,SELL,LIMIT,147.56,200,1617,1089
1764299013725,MSFT,BUY,LIMIT,147.52,2000,1618,1057
1764299013750,MSFT,SELL,LIMIT,147.78,500,1619,1039
1764299013782,MSFT,BUY,LIMIT,147.54,1000,1620,1045
1764299013805,MSFT,BUY,LIMIT,147.63,5000,1621,1073
1764299013867,MSFT,SELL,LIMIT,147.79,1000,1622,1071
1764299013918,MSFT,BUY,LIMIT,147.79,2000,1623,1030
1764299013976,MSFT,SELL,LIMIT,147.88,5000,1624,1088
1764299014072,MSFT,BUY,LIMIT,147.68,5000,1625,1005
1764299014108,MSFT,SELL,MARKET,0.0,500,1626,1085
1764299014138,MSFT,SELL,LIMIT,147.86,100,1627,1068
1764299014144,MSFT,BUY,LIMIT,147.84,5000,1628,1041
1764299014164,MSFT,BUY,MARKET,0.0,100,1629,1091
1764299014183,MSFT,BUY,LIMIT,147.72,200,1630,1020
1764299014184,MSFT,BUY,LIMIT,147.69,200,1631,1034
1764299014260,MSFT,BUY,LIMIT,147.64,2000,1632,1033
1764299014329,MSFT,BUY,LIMIT,147.73,500,1633,1038
1764299014410,MSFT,SELL,LIMIT,147.76,100,1634,1070
1764299014467,MSFT,SELL,LIMIT,147.84,500,1635,1042
1764299014525,MSFT,SELL,LIMIT,147.81,5000,1636,1080
1764299014625,MSFT,BUY,LIMIT,147.55,1000,1637,1033
1764299014668,MSFT,SELL,LIMIT,147.68,1000,1638,1091
1764299014697,MSFT,SELL,LIMIT,147.79,5000,1639,1099
1764299014779,MSFT,BUY,LIMIT,147.53,200,1640,1039
1764299014830,MSFT,SELL,LIMIT,147.63,500,1641,1000
1764299014899,MSFT,SELL,LIMIT,147.6,500,1642,1008
1764299014963,MSFT,SELL,LIMIT,147.65,2000,1643,1027
1764299014981,MSFT,BUY,LIMIT,147.46,200,1644,1033
1764299015049,MSFT,SELL,LIMIT,147.63,100,1645,1030
1764299015050,MSFT,BUY,LIMIT,147.41,200,1646,1095
1764299015067,MSFT,SELL,LIMIT,147.45,5000,1647,1073
1764299015141,MSFT,SELL,LIMIT,147.47,1000,1648,1073
1764299015240,MSFT,BUY,LIMIT,147.42,2000,1649,1079
1764299015313,MSFT,BUY,LIMIT,147.36,100,1650,1091
1764299015352,MSFT,SELL,LIMIT,147.54,2000,1651,1036
1764299015423,MSFT,SELL,MARKET,0.0,500,1652,1026
1764299015506,MSFT,SELL,MARKET,0.0,500,1653,1095
1764299015537,MSFT,SELL,LIMIT,147.49,2000,1654,1078
1764299015631,MSFT,SELL,LIMIT,147.52,200,1655,1027
1764299015677,MSFT,SELL,LIMIT,147.62,100,1656,1048
1764299015774,MSFT,BUY,LIMIT,147.47,200,1657,1049
1764299015819,MSFT,BUY,LIMIT,147.4,1000,1658,1021
1764299015876,MSFT,SELL,LIMIT,147.53,200,1659,1065
1764299015908,MSFT,SELL,LIMIT,147.41,200,1660,1079
1764299015939,MSFT,SELL,MARKET,0.0,2000,1661,1076
1764299015944,MSFT,SELL,LIMIT,147.32,2000,1662,1010
1764299016032,MSFT,SELL,LIMIT,147.26,200,1663,1019
1764299016128,MSFT,SELL,LIMIT,147.24,100,1664,1039
1764299016165,MSFT,SELL,MARKET,0.0,500,1665,1016
1764299016192,MSFT,BUY,MARKET,0.0,100,1666,1037
1764299016257,MSFT,SELL,LIMIT,147.22,500,1667,1011
1764299016308,MSFT,BUY,LIMIT,147.02,200,1668,1092
1764299016378,MSFT,BUY,LIMIT,147.07,1000,1669,1053
1764299016452,MSFT,BUY,LIMIT,146.98,500,1670,1046
1764299016509,MSFT,SELL,MARKET,0.0,5000,1671,1016
1764299016586,MSFT,SELL,LIMIT,147.24,2000,1672,1078
1764299016680,MSFT,BUY,MARKET,0.0,500,1673,1039
1764299016708,MSFT,BUY,MARKET,0.0,1000,1674,1079
1764299016738,MSFT,SELL,MARKET,0.0,1000,1675,1035
1764299016788,MSFT,SELL,LIMIT,147.35,1000,1676,1068
1764299016839,MSFT,SELL,MARKET,0.0,500,1677,1093
1764299016898,MSFT,SELL,LIMIT,147.37,1000,1678,1048
1764299016939,MSFT,SELL,LIMIT,147.33,200,1679,1005
1764299017017,MSFT,SELL,LIMIT,147.39,200,1680,1020
1764299017114,MSFT,BUY,LIMIT,147.23,1000,1681,1036
1764299017187,MSFT,SELL,LIMIT,147.32,5000,1682,1011
1764299017237,MSFT,SELL,LIMIT,147.29,500,1683,1008
1764299017331,MSFT,BUY,LIMIT,147.2,200,1684,1092
1764299017400,MSFT,BUY,LIMIT,147.24,2000,1685,1092
1764299017483,MSFT,SELL,LIMIT,147.28,2000,1686,1024
1764299017566,MSFT,SELL,LIMIT,147.19,5000,1687,1093
1764299017639,MSFT,SELL,LIMIT,147.14,2000,1688,1014
1764299017652,MSFT,SELL,LIMIT,147.15,5000,1689,1063
1764299017667,MSFT,BUY,LIMIT,147.06,200,1690,1006
1764299017724,MSFT,SELL,LIMIT,147.11,500,1691,1041
1764299017814,MSFT,SELL,LIMIT,147.16,100,1692,1084
1764299017865,MSFT,SELL,LIMIT,147.26,100,1693,1010
1764299017965,MSFT,BUY,LIMIT,147.05,500,1694,1058
1764299017980,MSFT,SELL,LIMIT,147.19,100,1695,1068
1764299017991,MSFT,SELL,LIMIT,147.27,500,1696,1084
1764299018017,MSFT,BUY,MARKET,0.0,2000,1697,1043
1764299018096,MSFT,BUY,LIMIT,147.21,500,1698,1054
1764299018190,MSFT,BUY,LIMIT,147.27,500,1699,1092
1764299018255,MSFT,BUY,LIMIT,147.34,500,1700,1040
1764299018305,MSFT,SELL,LIMIT,147.39,2000,1701,1003
1764299018379,MSFT,SELL,LIMIT,147.31,5000,1702,1066
1764299018443,MSFT,BUY,LIMIT,147.32,2000,1703,1066
1764299018460,MSFT,BUY,LIMIT,147.4,500,1704,1031
1764299018560,MSFT,SELL,LIMIT,147.42,200,1705,1036
1764299018606,MSFT,BUY,LIMIT,147.41,1000,1706,1015
1764299018688,MSFT,SELL,LIMIT,147.54,100,1707,1077
1764299018775,MSFT,SELL,LIMIT,147.64,200,1708,1059
1764299018791,MSFT,SELL,LIMIT,147.68,100,1709,1005
1764299018856,MSFT,BUY,LIMIT,147.61,2000,1710,1082
1764299018879,MSFT,SELL,LIMIT,147.66,200,1711,1020
1764299018911,MSFT,BUY,LIMIT,147.61,100,1712,1038
1764299018925,MSFT,SELL,LIMIT,147.57,200,1713,1020
1764299018976,MSFT,BUY,LIMIT,147.52,1000,1714,1072
1764299019036,MSFT,SELL,LIMIT,147.74,200,1715,1071
1764299019121,MSFT,SELL,LIMIT,147.74,100,1716,1029
1764299019128,MSFT,BUY,LIMIT,147.68,5000,1717,1060
1764299019167,MSFT,BUY,LIMIT,147.6,1000,1718,1094
1764299019227,MSFT,BUY,MARKET,0.0,2000,1719,1080
1764299019229,MSFT,BUY,LIMIT,147.59,200,1720,1045
1764299019292,MSFT,SELL,LIMIT,147.72,2000,1721,1000
1764299019375,MSFT,BUY,LIMIT,147.69,1000,1722,1022
1764299019410,MSFT,BUY,LIMIT,147.81,500,1723,1011
1764299019497,MSFT,SELL,LIMIT,147.95,200,1724,1086
1764299019544,MSFT,BUY,LIMIT,147.77,2000,1725,1016
1764299019623,MSFT,BUY,LIMIT,147.81,1000,1726,1038
1764299019642,MSFT,SELL,MARKET,0.0,1000,1727,1047
1764299019708,MSFT,SELL,LIMIT,147.92,2000,1728,1047
1764299019764,MSFT,BUY,LIMIT,147.81,2000,1729,1097
1764299019856,MSFT,SELL,LIMIT,147.98,1000,1730,1019
1764299019923,MSFT,BUY,LIMIT,147.76,100,1731,1058
1764299019996,MSFT,SELL,LIMIT,147.83,100,1732,1065
1764299020089,MSFT,SELL,LIMIT,147.75,1000,1733,1041
1764299020119,MSFT,SELL,MARKET,0.0,100,1734,1006
1764299020185,MSFT,SELL,LIMIT,147.76,1000,1735,1004
1764299020277,MSFT,SELL,MARKET,0.0,200,1736,1072
1764299020298,MSFT,SELL,LIMIT,147.91,2000,1737,1023
1764299020315,MSFT,BUY,LIMIT,147.69,1000,1738,1086
1764299020322,MSFT,BUY,LIMIT,147.76,1000,1739,1040
1764299020386,MSFT,BUY,LIMIT,147.76,100,1740,1059
1764299020399,MSFT,BUY,LIMIT,147.69,100,1741,1077
1764299020420,MSFT,BUY,LIMIT,147.69,500,1742,1010
1764299020498,MSFT,BUY,LIMIT,147.79,200,1743,1091
1764299020562,MSFT,SELL,LIMIT,147.95,5000,1744,1094
1764299020643,MSFT,SELL,LIMIT,148.0,5000,1745,1006
1764299020689,MSFT,BUY,LIMIT,147.88,1000,1746,1059
1764299020747,MSFT,SELL,LIMIT,147.88,500,1747,1054
1764299020749,MSFT,BUY,LIMIT,147.8,200,1748,1089
1764299020831,MSFT,SELL,LIMIT,147.74,200,1749,1005
1764299020860,MSFT,SELL,LIMIT,147.69,100,1750,1016
1764299020891,MSFT,BUY,LIMIT,147.65,200,1751,1060
1764299020947,MSFT,BUY,LIMIT,147.74,2000,1752,1045
1764299020964,MSFT,SELL,LIMIT,147.88,5000,1753,1043
1764299021027,MSFT,BUY,LIMIT,147.83,5000,1754,1061
1764299021051,MSFT,SELL,LIMIT,147.96,100,1755,1038
1764299021095,MSFT,SELL,MARKET,0.0,500,1756,1028
1764299021153,MSFT,SELL,LIMIT,148.04,2000,1757,1068
1764299021202,MSFT,SELL,LIMIT,148.05,2000,1758,1098
1764299021243,MSFT,BUY,LIMIT,147.93,2000,1759,1003
1764299021287,MSFT,SELL,LIMIT,147.99,100,1760,1048
1764299021347,MSFT,SELL,LIMIT,148.04,500,1761,1058
1764299021374,MSFT,SELL,LIMIT,148.06,100,1762,1094
1764299021410,MSFT,BUY,LIMIT,147.91,500,1763,1008
1764299021463,MSFT,SELL,LIMIT,148.01,1000,1764,1096
1764299021551,MSFT,SELL,MARKET,0.0,5000,1765,1093
1764299021597,MSFT,SELL,LIMIT,147.97,2000,1766,1079
1764299021666,MSFT,BUY,LIMIT,147.72,200,1767,1043
1764299021720,MSFT,BUY,LIMIT,147.79,100,1768,1008
1764299021743,MSFT,BUY,MARKET,0.0,2000,1769,1079
1764299021813,MSFT,SELL,LIMIT,147.89,5000,1770,1051
1764299021854,MSFT,BUY,LIMIT,147.8,2000,1771,1021
1764299021908,MSFT,BUY,LIMIT,147.88,100,1772,1070
1764299021943,MSFT,SELL,MARKET,0.0,2000,1773,1023
1764299021952,MSFT,SELL,LIMIT,148.05,5000,1774,1007
1764299021971,MSFT,BUY,LIMIT,147.91,1000,1775,1035
1764299022035,MSFT,SELL,LIMIT,148.1,1000,1776,1064
1764299022080,MSFT,BUY,LIMIT,148.01,100,1777,1076
1764299022088,MSFT,SELL,LIMIT,148.1,5000,1778,1024
1764299022120,MSFT,SELL,MARKET,0.0,1000,1779,1053
1764299022131,MSFT,SELL,LIMIT,148.16,5000,1780,1053
1764299022146,MSFT,SELL,MARKET,0.0,200,1781,1056
1764299022244,MSFT,SELL,LIMIT,148.2,100,1782,1075
1764299022335,MSFT,SELL,LIMIT,148.06,2000,1783,1009
1764299022342,MSFT,SELL,LIMIT,148.16,500,1784,1036
1764299022430,MSFT,BUY,LIMIT,147.97,100,1785,1047
1764299022462,MSFT,SELL,LIMIT,148.12,5000,1786,1091
1764299022547,MSFT,BUY,LIMIT,147.91,100,1787,1076
1764299022586,MSFT,BUY,LIMIT,148.04,200,1788,1078
1764299022615,MSFT,SELL,MARKET,0.0,100,1789,1021
1764299022622,MSFT,SELL,MARKET,0.0,5000,1790,1014
1764299022692,MSFT,SELL,MARKET,0.0,200,1791,1053
1764299022771,MSFT,BUY,LIMIT,147.76,100,1792,1018
1764299022868,MSFT,SELL,LIMIT,147.77,200,1793,1030
1764299022887,MSFT,BUY,LIMIT,147.64,200,1794,1090
1764299022912,MSFT,SELL,LIMIT,147.65,100,1795,1059
1764299022924,MSFT,BUY,LIMIT,147.48,500,1796,1058
1764299022959,MSFT,BUY,LIMIT,147.36,1000,1797,1034
1764299023011,MSFT,BUY,LIMIT,147.43,500,1798,1032
1764299023056,MSFT,SELL,LIMIT,147.51,500,1799,1020
1764299023122,MSFT,BUY,LIMIT,147.37,200,1800,1077
1764299023188,MSFT,BUY,LIMIT,147.45,2000,1801,1063
1764299023260,MSFT,BUY,LIMIT,147.39,200,1802,1049
1764299023275,MSFT,SELL,LIMIT,147.59,100,1803,1084
1764299023331,MSFT,BUY,LIMIT,147.38,500,1804,1040
1764299023378,MSFT,BUY,LIMIT,147.49,100,1805,1046
1764299023380,MSFT,SELL,LIMIT,147.61,2000,1806,1006
1764299023468,MSFT,BUY,LIMIT,147.54,5000,1807,1043
1764299023541,MSFT,SELL,LIMIT,147.67,100,1808,1032
1764299023548,MSFT,BUY,MARKET,0.0,2000,1809,1077
1764299023643,MSFT,SELL,LIMIT,147.53,1000,1810,1074
1764299023731,MSFT,BUY,LIMIT,147.42,200,1811,1001
1764299023760,MSFT,BUY,LIMIT,147.38,200,1812,1100
1764299023762,MSFT,BUY,LIMIT,147.34,1000,1813,1050
1764299023827,MSFT,SELL,LIMIT,147.42,1000,1814,1042
1764299023911,MSFT,SELL,LIMIT,147.51,5000,1815,1083
1764299023986,MSFT,SELL,LIMIT,147.58,500,1816,1048
1764299024033,MSFT,BUY,LIMIT,147.43,200,1817,1046
1764299024104,MSFT,SELL,LIMIT,147.52,2000,1818,1093
1764299024162,MSFT,SELL,LIMIT,147.64,5000,1819,1066
1764299024169,MSFT,BUY,LIMIT,147.56,500,1820,1062
1764299024239,MSFT,BUY,LIMIT,147.61,2000,1821,1021
1764299024335,MSFT,BUY,MARKET,0.0,1000,1822,1072
1764299024361,MSFT,BUY,LIMIT,147.5,1000,1823,1030
1764299024394,MSFT,BUY,LIMIT,147.54,100,1824,1036
1764299024411,MSFT,BUY,LIMIT,147.58,5000,1825,1064
1764299024450,MSFT,BUY,LIMIT,147.62,100,1826,1064
1764299024513,MSFT,BUY,LIMIT,147.61,200,1827,1018
1764299024589,MSFT,SELL,MARKET,0.0,1000,1828,1087
1764299024598,MSFT,SELL,LIMIT,147.79,200,1829,1052
1764299024674,MSFT,SELL,LIMIT,147.71,100,1830,1008
1764299024770,MSFT,BUY,LIMIT,147.71,5000,1831,1061
1764299024861,MSFT,BUY,LIMIT,147.67,100,1832,1083
1764299024879,MSFT,SELL,LIMIT,147.87,500,1833,1007
1764299024884,MSFT,BUY,MARKET,0.0,1000,1834,1010
1764299024962,MSFT,SELL,MARKET,0.0,500,1835,1089
1764299025028,MSFT,SELL,LIMIT,147.92,200,1836,1042
1764299025032,MSFT,SELL,LIMIT,147.87,1000,1837,1025
1764299025092,MSFT,BUY,LIMIT,147.81,5000,1838,1005
1764299025137,MSFT,BUY,LIMIT,147.92,200,1839,1089
1764299025146,MSFT,SELL,LIMIT,147.95,2000,1840,1070
1764299025197,MSFT,BUY,LIMIT,147.85,5000,1841,1085
1764299025231,MSFT,SELL,LIMIT,148.01,5000,1842,1052
1764299025271,MSFT,SELL,LIMIT,148.04,200,1843,1009
1764299025370,MSFT,BUY,LIMIT,147.92,2000,1844,1093
1764299025455,MSFT,BUY,LIMIT,147.92,2000,1845,1077
1764299025476,MSFT,BUY,LIMIT,147.81,500,1846,1002
1764299025560,MSFT,BUY,LIMIT,147.96,2000,1847,1082
1764299025572,MSFT,SELL,LIMIT,148.07,5000,1848,1019
1764299025620,MSFT,BUY,MARKET,0.0,1000,1849,1088
1764299025666,MSFT,SELL,MARKET,0.0,100,1850,1004
1764299025759,MSFT,SELL,LIMIT,148.25,2000,1851,1039
1764299025778,MSFT,SELL,LIMIT,148.2,200,1852,1095
1764299025828,MSFT,BUY,LIMIT,148.04,5000,1853,1056
1764299025877,MSFT,SELL,LIMIT,148.22,200,1854,1065
1764299025952,MSFT,SELL,LIMIT,148.3,2000,1855,1054
1764299025996,MSFT,SELL,MARKET,0.0,100,1856,1055
1764299026094,MSFT,BUY,LIMIT,148.01,200,1857,1065
1764299026180,MSFT,SELL,MARKET,0.0,500,1858,1067
1764299026251,MSFT,BUY,LIMIT,148.08,1000,1859,1026
1764299026349,MSFT,SELL,LIMIT,148.21,2000,1860,1087
1764299026406,MSFT,BUY,LIMIT,148.15,500,1861,1019
1764299026481,MSFT,SELL,LIMIT,148.29,1000,1862,1079
1764299026545,MSFT,SELL,MARKET,0.0,2000,1863,1099
1764299026636,MSFT,SELL,LIMIT,148.42,5000,1864,1075
1764299026703,MSFT,BUY,LIMIT,148.41,100,1865,1032
1764299026745,MSFT,BUY,LIMIT,148.37,100,1866,1044
1764299026816,MSFT,SELL,LIMIT,148.54,200,1867,1040
1764299026827,MSFT,SELL,MARKET,0.0,1000,1868,1045
1764299026851,MSFT,BUY,MARKET,0.0,500,1869,1051
1764299026951,MSFT,BUY,LIMIT,148.41,500,1870,1070
1764299026993,MSFT,SELL,LIMIT,148.56,500,1871,1028
1764299027062,MSFT,SELL,LIMIT,148.58,1000,1872,1040
1764299027125,MSFT,SELL,LIMIT,148.59,2000,1873,1063
1764299027181,MSFT,BUY,LIMIT,148.33,500,1874,1060
1764299027201,MSFT,SELL,LIMIT,148.42,2000,1875,1075
1764299027207,MSFT,BUY,LIMIT,148.17,2000,1876,1037
1764299027273,MSFT,BUY,MARKET,0.0,500,1877,1003
1764299027331,MSFT,SELL,LIMIT,148.26,2000,1878,1033
1764299027381,MSFT,BUY,LIMIT,148.29,500,1879,1029
1764299027462,MSFT,SELL,MARKET,0.0,5000,1880,1080
1764299027464,MSFT,SELL,LIMIT,148.33,100,1881,1000
1764299027479,MSFT,SELL,LIMIT,148.41,100,1882,1036
1764299027498,MSFT,BUY,LIMIT,148.28,200,1883,1081
1764299027512,MSFT,SELL,LIMIT,148.45,2000,1884,1061
1764299027531,MSFT,BUY,LIMIT,148.43,200,1885,1032
1764299027620,MSFT,SELL,MARKET,0.0,5000,1886,1009
1764299027678,MSFT,BUY,LIMIT,148.36,5000,1887,1045
1764299027771,MSFT,SELL,LIMIT,148.46,2000,1888,1088
1764299027805,MSFT,BUY,LIMIT,148.44,100,1889,1043
1764299027858,MSFT,BUY,LIMIT,148.45,2000,1890,1025
1764299027879,MSFT,BUY,MARKET,0.0,100,1891,1041
1764299027974,MSFT,SELL,LIMIT,148.43,500,1892,1065
1764299028009,MSFT,BUY,MARKET,0.0,500,1893,1032
1764299028102,MSFT,BUY,LIMIT,148.38,1000,1894,1063
1764299028110,MSFT,SELL,LIMIT,148.6,5000,1895,1035
1764299028205,MSFT,BUY,LIMIT,148.43,1000,1896,1073
1764299028213,MSFT,BUY,LIMIT,148.44,200,1897,1055
1764299028263,MSFT,SELL,LIMIT,148.49,100,1898,1000
1764299028358,MSFT,SELL,LIMIT,148.47,2000,1899,1016
1764299028428,MSFT,SELL,LIMIT,148.55,2000,1900,1009
1764299028517,MSFT,BUY,LIMIT,148.52,100,1901,1049
1764299028533,MSFT,BUY,LIMIT,148.52,100,1902,1026
1764299028563,MSFT,BUY,LIMIT,148.46,1000,1903,1009
1764299028616,MSFT,SELL,LIMIT,148.48,2000,1904,1015
1764299028672,MSFT,SELL,MARKET,0.0,200,1905,1089
1764299028721,MSFT,SELL,LIMIT,148.47,100,1906,1026
1764299028808,MSFT,BUY,MARKET,0.0,200,1907,1016
1764299028898,MSFT,BUY,LIMIT,148.39,5000,1908,1031
1764299028916,MSFT,BUY,LIMIT,148.4,5000,1909,1088
1764299028985,MSFT,BUY,LIMIT,148.35,100,1910,1076
1764299029009,MSFT,SELL,LIMIT,148.39,500,1911,1016
1764299029060,MSFT,BUY,LIMIT,148.32,2000,1912,1098
1764299029103,MSFT,SELL,LIMIT,148.36,5000,1913,1093
1764299029166,MSFT,SELL,LIMIT,148.46,2000,1914,1085
1764299029188,MSFT,BUY,MARKET,0.0,1000,1915,1095
1764299029241,MSFT,SELL,LIMIT,148.44,100,1916,1004
1764299029253,MSFT,SELL,MARKET,0.0,2000,1917,1046
1764299029350,MSFT,SELL,LIMIT,148.34,5000,1918,1054
1764299029448,MSFT,SELL,LIMIT,148.24,5000,1919,1078
1764299029459,MSFT,BUY,LIMIT,148.22,2000,1920,1004
1764299029550,MSFT,BUY,LIMIT,148.28,500,1921,1061
1764299029572,MSFT,BUY,LIMIT,148.27,100,1922,1075
1764299029635,MSFT,BUY,LIMIT,148.27,100,1923,1008
1764299029663,MSFT,BUY,LIMIT,148.19,5000,1924,1094
1764299029710,MSFT,SELL,MARKET,0.0,5000,1925,1044
1764299029787,MSFT,BUY,MARKET,0.0,500,1926,1049
1764299029865,MSFT,BUY,LIMIT,148.12,500,1927,1014
1764299029892,MSFT,BUY,LIMIT,148.09,1000,1928,1032
1764299029947,MSFT,BUY,LIMIT,148.11,500,1929,1092
1764299029984,MSFT,BUY,LIMIT,148.08,2000,1930,1011
1764299030019,MSFT,BUY,LIMIT,148.05,500,1931,1068
1764299030037,MSFT,SELL,LIMIT,148.14,1000,1932,1015
1764299030125,MSFT,BUY,LIMIT,147.9,2000,1933,1088
1764299030151,MSFT,SELL,LIMIT,148.05,500,1934,1005
1764299030202,MSFT,BUY,MARKET,0.0,1000,1935,1063
1764299030253,MSFT,SELL,LIMIT,147.96,5000,1936,1081
1764299030258,MSFT,SELL,LIMIT,147.9,5000,1937,1012
1764299030259,MSFT,BUY,LIMIT,147.75,100,1938,1062
1764299030356,MSFT,SELL,MARKET,0.0,100,1939,1010
1764299030397,MSFT,SELL,LIMIT,147.95,100,1940,1012
1764299030497,MSFT,BUY,LIMIT,147.77,5000,1941,1091
1764299030570,MSFT,SELL,LIMIT,147.95,2000,1942,1091
1764299030586,MSFT,BUY,LIMIT,147.77,5000,1943,1043
1764299030592,MSFT,SELL,LIMIT,147.92,200,1944,1022
1764299030605,MSFT,BUY,MARKET,0.0,500,1945,1083
1764299030636,MSFT,SELL,LIMIT,147.88,100,1946,1072
1764299030694,MSFT,BUY,MARKET,0.0,5000,1947,1065
1764299030704,MSFT,SELL,MARKET,0.0,5000,1948,1085
1764299030778,MSFT,SELL,LIMIT,147.98,2000,1949,1064
1764299030788,MSFT,BUY,MARKET,0.0,1000,1950,1076
1764299030842,MSFT,BUY,LIMIT,147.84,200,1951,1071
1764299030942,MSFT,BUY,LIMIT,147.82,2000,1952,1073
1764299031015,MSFT,SELL,MARKET,0.0,2000,1953,1025
1764299031022,MSFT,BUY,LIMIT,147.72,500,1954,1001
1764299031025,MSFT,SELL,LIMIT,147.95,2000,1955,1008
1764299031107,MSFT,SELL,LIMIT,147.79,5000,1956,1030
1764299031196,MSFT,BUY,LIMIT,147.64,1000,1957,1016
1764299031226,MSFT,SELL,LIMIT,147.72,200,1958,1031
1764299031246,MSFT,BUY,MARKET,0.0,100,1959,1006
1764299031269,MSFT,SELL,MARKET,0.0,200,1960,1014
