timestamp,symbol,side,order_type,price,quantity,order_id,trader_id
1764298933489,TSLA,SELL,MARKET,0.0,500,1,1023
1764298933523,TSLA,BUY,LIMIT,149.9,1000,2,1008
1764298933565,TSLA,BUY,LIMIT,150.0,5000,3,1085
1764298933637,TSLA,BUY,LIMIT,150.01,2000,4,1081
1764298933724,TSLA,BUY,LIMIT,150.02,500,5,1080
1764298933755,TSLA,SELL,MARKET,0.0,1000,6,1045
1764298933772,TSLA,BUY,LIMIT,150.0,5000,7,1045
1764298933811,TSLA,SELL,LIMIT,150.08,500,8,1071
1764298933909,TSLA,SELL,LIMIT,150.03,100,9,1059
1764298933943,TSLA,BUY,LIMIT,149.99,500,10,1022
1764298934034,TSLA,SELL,LIMIT,150.11,5000,11,1077
1764298934123,TSLA,SELL,LIMIT,150.19,5000,12,1091
1764298934179,TSLA,BUY,LIMIT,150.17,5000,13,1013
1764298934238,TSLA,SELL,LIMIT,150.27,2000,14,1023
1764298934257,TSLA,BUY,MARKET,0.0,1000,15,1081
1764298934337,TSLA,SELL,MARKET,0.0,2000,16,1012
1764298934375,TSLA,BUY,LIMIT,149.95,1000,17,1080
1764298934414,TSLA,SELL,MARKET,0.0,1000,18,1087
1764298934475,TSLA,SELL,LIMIT,150.08,500,19,1063
1764298934492,TSLA,BUY,LIMIT,150.0,500,20,1053
1764298934548,TSLA,BUY,MARKET,0.0,2000,21,1049
1764298934603,TSLA,BUY,LIMIT,150.04,200,22,1061
1764298934676,TSLA,SELL,LIMIT,150.24,2000,23,1079
1764298934745,TSLA,SELL,LIMIT,150.25,2000,24,1054
1764298934806,TSLA,SELL,LIMIT,150.27,200,25,1009
1764298934894,TSLA,SELL,LIMIT,150.23,200,26,1036
1764298934970,TSLA,BUY,LIMIT,150.03,2000,27,1073
1764298935017,TSLA,SELL,LIMIT,150.12,100,28,1032
1764298935059,TSLA,SELL,LIMIT,150.2,5000,29,1041
1764298935105,TSLA,BUY,LIMIT,150.17,2000,30,1012
1764298935172,TSLA,SELL,LIMIT,150.29,2000,31,1029
1764298935238,TSLA,SELL,LIMIT,150.43,5000,32,1008
1764298935332,TSLA,BUY,MARKET,0.0,100,33,1027
1764298935413,TSLA,SELL,LIMIT,150.47,5000,34,1050
1764298935454,TSLA,BUY,LIMIT,150.23,100,35,1000
1764298935465,TSLA,SELL,LIMIT,150.31,500,36,1010
1764298935506,TSLA,SELL,LIMIT,150.34,100,37,1001
1764298935532,TSLA,SELL,MARKET,0.0,5000,38,1018
1764298935591,TSLA,BUY,LIMIT,150.27,500,39,1028
1764298935676,TSLA,SELL,LIMIT,150.33,200,40,1052
1764298935692,TSLA,BUY,LIMIT,150.17,5000,41,1045
1764298935775,TSLA,SELL,LIMIT,150.27,100,42,1064
1764298935857,TSLA,BUY,MARKET,0.0,5000,43,1019
1764298935943,TSLA,SELL,LIMIT,150.23,2000,44,1041
1764298936028,TSLA,SELL,LIMIT,150.27,2000,45,1066
1764298936058,TSLA,BUY,MARKET,0.0,500,46,1030
1764298936098,TSLA,SELL,LIMIT,150.18,5000,47,1005
1764298936129,TSLA,SELL,LIMIT,150.09,2000,48,1091
1764298936170,TSLA,BUY,LIMIT,149.91,500,49,1056
1764298936224,TSLA,BUY,LIMIT,149.89,1000,50,1095
1764298936268,TSLA,BUY,LIMIT,149.97,2000,51,1053
1764298936366,TSLA,SELL,MARKET,0.0,5000,52,1094
1764298936434,TSLA,SELL,LIMIT,150.22,500,53,1082
1764298936472,TSLA,BUY,LIMIT,150.15,1000,54,1006
1764298936553,TSLA,SELL,LIMIT,150.2,1000,55,1073
1764298936640,TSLA,SELL,LIMIT,150.21,5000,56,1000
1764298936692,TSLA,SELL,LIMIT,150.15,200,57,1037
1764298936782,TSLA,BUY,MARKET,0.0,1000,58,1063
1764298936827,TSLA,SELL,LIMIT,150.07,100,59,1029
1764298936875,TSLA,BUY,LIMIT,150.07,1000,60,1060
1764298936952,TSLA,BUY,LIMIT,149.98,1000,61,1057
1764298937050,TSLA,BUY,LIMIT,150.11,500,62,1065
1764298937140,TSLA,SELL,LIMIT,150.34,200,63,1041
1764298937172,TSLA,SELL,LIMIT,150.3,100,64,1027
1764298937198,TSLA,BUY,LIMIT,150.12,5000,65,1014
1764298937216,TSLA,SELL,LIMIT,150.23,100,66,1039
1764298937252,TSLA,SELL,MARKET,0.0,2000,67,1013
1764298937296,TSLA,SELL,LIMIT,150.45,100,68,1056
1764298937297,TSLA,BUY,LIMIT,150.43,2000,69,1098
1764298937374,TSLA,BUY,LIMIT,150.31,200,70,1063
1764298937452,TSLA,BUY,LIMIT,150.21,2000,71,1100
1764298937529,TSLA,SELL,LIMIT,150.41,100,72,1075
1764298937599,TSLA,SELL,LIMIT,150.51,100,73,1041
1764298937636,TSLA,BUY,LIMIT,150.42,500,74,1068
1764298937649,TSLA,BUY,LIMIT,150.35,500,75,1069
1764298937700,TSLA,BUY,LIMIT,150.37,5000,76,1055
1764298937737,TSLA,SELL,MARKET,0.0,5000,77,1041
1764298937818,TSLA,SELL,LIMIT,150.53,500,78,1030
1764298937826,TSLA,BUY,LIMIT,150.33,2000,79,1001
1764298937898,TSLA,BUY,LIMIT,150.29,200,80,1083
1764298937903,TSLA,SELL,LIMIT,150.25,500,81,1071
1764298937934,TSLA,BUY,LIMIT,150.2,1000,82,1089
1764298937944,TSLA,SELL,LIMIT,150.33,200,83,1039
1764298938019,TSLA,SELL,LIMIT,150.38,2000,84,1030
1764298938111,TSLA,SELL,MARKET,0.0,500,85,1024
1764298938196,TSLA,BUY,LIMIT,150.31,2000,86,1000
1764298938213,TSLA,BUY,LIMIT,150.34,200,87,1064
1764298938240,TSLA,BUY,LIMIT,150.27,2000,88,1016
1764298938274,TSLA,BUY,MARKET,0.0,100,89,1079
1764298938316,TSLA,SELL,LIMIT,150.24,500,90,1070
1764298938389,TSLA,BUY,LIMIT,150.13,1000,91,1006
1764298938407,TSLA,BUY,LIMIT,150.2,5000,92,1014
1764298938481,TSLA,SELL,LIMIT,150.28,5000,93,1045
1764298938570,TSLA,BUY,LIMIT,150.3,1000,94,1018
1764298938592,TSLA,SELL,LIMIT,150.39,5000,95,1000
1764298938631,TSLA,SELL,LIMIT,150.39,200,96,1067
1764298938730,TSLA,BUY,LIMIT,150.36,1000,97,1064
1764298938830,TSLA,SELL,MARKET,0.0,2000,98,1036
1764298938861,TSLA,BUY,MARKET,0.0,5000,99,1032
1764298938872,TSLA,SELL,LIMIT,150.42,5000,100,1076
1764298938923,TSLA,BUY,MARKET,0.0,5000,101,1080
1764298938950,TSLA,BUY,LIMIT,150.37,5000,102,1066
1764298938958,TSLA,SELL,LIMIT,150.36,2000,103,1074
1764298939047,TSLA,SELL,LIMIT,150.39,500,104,1023
1764298939117,TSLA,SELL,LIMIT,150.36,200,105,1075
1764298939209,TSLA,BUY,LIMIT,150.28,500,106,1043
1764298939249,TSLA,SELL,LIMIT,150.39,500,107,1004
1764298939253,TSLA,BUY,LIMIT,150.37,500,108,1001
1764298939311,TSLA,BUY,LIMIT,150.32,2000,109,1014
1764298939398,TSLA,SELL,LIMIT,150.49,2000,110,1033
1764298939420,TSLA,SELL,LIMIT,150.49,100,111,1000
1764298939488,TSLA,SELL,LIMIT,150.43,2000,112,1029
1764298939535,TSLA,SELL,LIMIT,150.36,2000,113,1082
1764298939626,TSLA,SELL,LIMIT,150.28,100,114,1032
1764298939726,TSLA,SELL,LIMIT,150.25,500,115,1018
1764298939818,TSLA,BUY,LIMIT,150.1,200,116,1063
1764298939828,TSLA,BUY,LIMIT,150.08,5000,117,1048
1764298939882,TSLA,BUY,LIMIT,150.08,100,118,1090
1764298939957,TSLA,SELL,LIMIT,150.24,1000,119,1007
1764298939960,TSLA,BUY,LIMIT,150.15,2000,120,1035
1764298939961,TSLA,BUY,LIMIT,150.2,5000,121,1096
1764298939989,TSLA,SELL,LIMIT,150.37,2000,122,1000
1764298940007,TSLA,BUY,MARKET,0.0,500,123,1042
1764298940045,TSLA,BUY,LIMIT,150.12,1000,124,1025
1764298940086,TSLA,SELL,MARKET,0.0,100,125,1079
1764298940123,TSLA,BUY,LIMIT,150.27,100,126,1042
1764298940131,TSLA,BUY,MARKET,0.0,500,127,1007
1764298940225,TSLA,BUY,LIMIT,150.36,2000,128,1090
1764298940292,TSLA,SELL,LIMIT,150.53,2000,129,1013
1764298940325,TSLA,BUY,LIMIT,150.46,200,130,1066
1764298940338,TSLA,BUY,LIMIT,150.48,1000,131,1009
1764298940385,TSLA,SELL,LIMIT,150.69,100,132,1082
1764298940440,TSLA,BUY,MARKET,0.0,1000,133,1000
1764298940459,TSLA,SELL,LIMIT,150.67,200,134,1080
1764298940539,TSLA,SELL,LIMIT,150.66,100,135,1055
1764298940624,TSLA,BUY,LIMIT,150.6,100,136,1014
1764298940662,TSLA,BUY,MARKET,0.0,100,137,1042
1764298940671,TSLA,BUY,MARKET,0.0,2000,138,1055
1764298940737,TSLA,BUY,LIMIT,150.53,5000,139,1087
1764298940742,TSLA,SELL,LIMIT,150.53,1000,140,1035
1764298940788,TSLA,BUY,LIMIT,150.41,1000,141,1096
1764298940798,TSLA,SELL,LIMIT,150.41,200,142,1012
1764298940865,TSLA,SELL,LIMIT,150.48,2000,143,1013
1764298940935,TSLA,SELL,LIMIT,150.39,5000,144,1060
1764298941034,TSLA,BUY,LIMIT,150.17,2000,145,1093
1764298941063,TSLA,SELL,LIMIT,150.32,100,146,1077
1764298941107,TSLA,BUY,MARKET,0.0,1000,147,1031
1764298941146,TSLA,BUY,LIMIT,150.19,2000,148,1072
1764298941193,TSLA,BUY,LIMIT,150.16,5000,149,1033
1764298941246,TSLA,BUY,LIMIT,150.28,100,150,1079
1764298941341,TSLA,SELL,MARKET,0.0,1000,151,1045
1764298941409,TSLA,SELL,LIMIT,150.51,500,152,1042
1764298941469,TSLA,SELL,LIMIT,150.62,500,153,1069
1764298941476,TSLA,BUY,LIMIT,150.44,100,154,1055
1764298941483,TSLA,SELL,LIMIT,150.62,100,155,1041
1764298941541,TSLA,SELL,LIMIT,150.6,200,156,1019
1764298941584,TSLA,BUY,LIMIT,150.55,100,157,1067
1764298941650,TSLA,SELL,LIMIT,150.56,1000,158,1035
1764298941727,TSLA,BUY,MARKET,0.0,500,159,1014
1764298941729,TSLA,SELL,LIMIT,150.51,500,160,1036
1764298941768,TSLA,BUY,LIMIT,150.45,2000,161,1036
1764298941785,TSLA,BUY,LIMIT,150.53,200,162,1048
1764298941809,TSLA,BUY,LIMIT,150.58,200,163,1040
1764298941909,TSLA,SELL,LIMIT,150.65,2000,164,1007
1764298941940,TSLA,BUY,MARKET,0.0,200,165,1014
1764298941975,TSLA,BUY,MARKET,0.0,5000,166,1068
1764298942067,TSLA,SELL,LIMIT,150.7,1000,167,1050
1764298942082,TSLA,SELL,LIMIT,150.7,1000,168,1084
1764298942138,TSLA,BUY,LIMIT,150.55,2000,169,1023
1764298942218,TSLA,BUY,LIMIT,150.62,500,170,1069
1764298942243,TSLA,SELL,LIMIT,150.71,5000,171,1086
1764298942253,TSLA,SELL,LIMIT,150.82,1000,172,1009
1764298942332,TSLA,SELL,LIMIT,150.74,200,173,1042
1764298942419,TSLA,BUY,LIMIT,150.69,200,174,1055
1764298942438,TSLA,BUY,LIMIT,150.7,500,175,1096
1764298942465,TSLA,SELL,LIMIT,150.85,200,176,1074
1764298942495,TSLA,SELL,LIMIT,150.85,5000,177,1047
1764298942557,TSLA,SELL,LIMIT,150.85,2000,178,1088
1764298942600,TSLA,SELL,LIMIT,150.79,1000,179,1021
1764298942685,TSLA,SELL,LIMIT,150.7,500,180,1070
1764298942776,TSLA,BUY,LIMIT,150.64,100,181,1050
1764298942782,TSLA,BUY,MARKET,0.0,2000,182,1092
1764298942860,TSLA,BUY,LIMIT,150.58,1000,183,1044
1764298942930,TSLA,SELL,MARKET,0.0,2000,184,1016
1764298943008,TSLA,SELL,LIMIT,150.6,500,185,1088
1764298943033,TSLA,BUY,LIMIT,150.62,500,186,1081
1764298943078,TSLA,BUY,LIMIT,150.6,500,187,1019
1764298943106,TSLA,BUY,LIMIT,150.57,5000,188,1026
1764298943133,TSLA,BUY,LIMIT,150.5,1000,189,1016
1764298943171,TSLA,SELL,LIMIT,150.61,500,190,1029
1764298943266,TSLA,BUY,LIMIT,150.53,5000,191,1079
1764298943313,TSLA,BUY,MARKET,0.0,5000,192,1083
1764298943334,TSLA,BUY,MARKET,0.0,500,193,1027
1764298943360,TSLA,SELL,LIMIT,150.55,2000,194,1044
1764298943375,TSLA,SELL,LIMIT,150.57,1000,195,1060
1764298943473,TSLA,BUY,LIMIT,150.51,2000,196,1037
1764298943479,TSLA,SELL,LIMIT,150.55,200,197,1034
1764298943563,TSLA,BUY,LIMIT,150.4,100,198,1016
1764298943585,TSLA,BUY,LIMIT,150.36,5000,199,1052
1764298943601,TSLA,SELL,LIMIT,150.41,1000,200,1034
1764298943609,TSLA,SELL,MARKET,0.0,500,201,1052
1764298943667,TSLA,SELL,LIMIT,150.41,1000,202,1022
1764298943742,TSLA,BUY,LIMIT,150.36,100,203,1100
1764298943807,TSLA,BUY,LIMIT,150.44,500,204,1089
1764298943843,TSLA,BUY,LIMIT,150.35,200,205,1050
1764298943875,TSLA,SELL,LIMIT,150.47,500,206,1046
1764298943974,TSLA,BUY,MARKET,0.0,2000,207,1056
1764298944064,TSLA,BUY,LIMIT,150.3,100,208,1004
1764298944151,TSLA,BUY,LIMIT,150.28,500,209,1026
1764298944244,TSLA,BUY,LIMIT,150.32,5000,210,1022
1764298944278,TSLA,SELL,LIMIT,150.41,100,211,1066
1764298944372,TSLA,BUY,LIMIT,150.2,500,212,1040
1764298944392,TSLA,SELL,LIMIT,150.29,500,213,1091
1764298944415,TSLA,BUY,LIMIT,150.14,2000,214,1086
1764298944429,TSLA,BUY,LIMIT,150.14,500,215,1052
1764298944523,TSLA,BUY,LIMIT,150.27,5000,216,1083
1764298944547,TSLA,SELL,LIMIT,150.38,1000,217,1021
1764298944581,TSLA,SELL,LIMIT,150.42,5000,218,1075
1764298944640,TSLA,SELL,MARKET,0.0,100,219,1041
1764298944645,TSLA,SELL,LIMIT,150.25,100,220,1059
1764298944663,TSLA,SELL,MARKET,0.0,200,221,1062
1764298944733,TSLA,SELL,MARKET,0.0,200,222,1004
1764298944763,TSLA,BUY,LIMIT,150.22,2000,223,1038
1764298944825,TSLA,BUY,LIMIT,150.26,5000,224,1071
1764298944910,TSLA,BUY,LIMIT,150.34,100,225,1097
1764298944917,TSLA,BUY,LIMIT,150.33,100,226,1100
1764298944997,TSLA,BUY,LIMIT,150.44,100,227,1018
1764298945018,TSLA,BUY,LIMIT,150.36,5000,228,1084
1764298945030,TSLA,BUY,LIMIT,150.44,500,229,1087
1764298945068,TSLA,BUY,LIMIT,150.35,100,230,1008
1764298945150,TSLA,SELL,LIMIT,150.44,5000,231,1026
1764298945186,TSLA,BUY,LIMIT,150.3,2000,232,1058
1764298945276,TSLA,SELL,LIMIT,150.31,200,233,1082
1764298945293,TSLA,SELL,MARKET,0.0,1000,234,1072
1764298945345,TSLA,SELL,LIMIT,150.26,2000,235,1046
1764298945395,TSLA,BUY,MARKET,0.0,500,236,1002
1764298945398,TSLA,SELL,LIMIT,150.29,1000,237,1055
1764298945411,TSLA,BUY,LIMIT,150.1,200,238,1046
1764298945475,TSLA,SELL,LIMIT,150.24,200,239,1058
1764298945490,TSLA,BUY,MARKET,0.0,5000,240,1050
1764298945498,TSLA,SELL,LIMIT,150.3,200,241,1056
1764298945501,TSLA,BUY,MARKET,0.0,1000,242,1023
1764298945518,TSLA,BUY,LIMIT,150.21,200,243,1015
1764298945540,TSLA,SELL,LIMIT,150.33,5000,244,1029
1764298945558,TSLA,BUY,LIMIT,150.18,100,245,1051
1764298945563,TSLA,SELL,MARKET,0.0,100,246,1051
1764298945596,TSLA,BUY,LIMIT,150.1,1000,247,1061
1764298945611,TSLA,BUY,MARKET,0.0,100,248,1073
1764298945622,TSLA,BUY,LIMIT,150.09,200,249,1078
1764298945653,TSLA,BUY,LIMIT,150.19,200,250,1023
1764298945686,TSLA,BUY,LIMIT,150.28,500,251,1028
1764298945727,TSLA,SELL,LIMIT,150.4,1000,252,1078
1764298945810,TSLA,BUY,MARKET,0.0,5000,253,1092
1764298945811,TSLA,BUY,LIMIT,150.31,5000,254,1067
1764298945823,TSLA,BUY,LIMIT,150.34,5000,255,1068
1764298945852,TSLA,BUY,LIMIT,150.32,2000,256,1094
1764298945893,TSLA,BUY,LIMIT,150.28,200,257,1003
1764298945920,TSLA,SELL,MARKET,0.0,200,258,1033
1764298945938,TSLA,SELL,LIMIT,150.24,2000,259,1040
1764298945959,TSLA,SELL,LIMIT,150.31,2000,260,1032
1764298945999,TSLA,SELL,MARKET,0.0,2000,261,1037
1764298946002,TSLA,SELL,LIMIT,150.28,100,262,1055
1764298946052,TSLA,BUY,MARKET,0.0,500,263,1025
1764298946128,TSLA,BUY,LIMIT,150.26,100,264,1015
1764298946143,TSLA,BUY,LIMIT,150.27,2000,265,1045
1764298946206,TSLA,BUY,LIMIT,150.26,200,266,1028
1764298946236,TSLA,SELL,LIMIT,150.34,500,267,1076
1764298946251,TSLA,SELL,LIMIT,150.37,500,268,1062
1764298946321,TSLA,BUY,LIMIT,150.23,2000,269,1078
1764298946334,TSLA,BUY,LIMIT,150.29,5000,270,1016
1764298946349,TSLA,BUY,LIMIT,150.35,1000,271,1076
1764298946369,TSLA,SELL,LIMIT,150.5,100,272,1070
1764298946406,TSLA,BUY,LIMIT,150.42,200,273,1078
1764298946425,TSLA,BUY,LIMIT,150.27,200,274,1016
1764298946465,TSLA,SELL,LIMIT,150.28,500,275,1016
1764298946559,TSLA,BUY,LIMIT,150.3,1000,276,1011
1764298946609,TSLA,BUY,LIMIT,150.29,5000,277,1051
1764298946649,TSLA,SELL,MARKET,0.0,100,278,1008
1764298946684,TSLA,BUY,MARKET,0.0,100,279,1054
1764298946697,TSLA,BUY,LIMIT,150.26,100,280,1089
1764298946771,TSLA,BUY,LIMIT,150.23,2000,281,1062
1764298946781,TSLA,SELL,LIMIT,150.22,5000,282,1059
1764298946808,TSLA,BUY,MARKET,0.0,2000,283,1033
1764298946872,TSLA,BUY,MARKET,0.0,2000,284,1090
1764298946904,TSLA,BUY,LIMIT,150.23,1000,285,1043
1764298946984,TSLA,BUY,MARKET,0.0,200,286,1087
1764298947011,TSLA,BUY,LIMIT,150.13,1000,287,1073
1764298947046,TSLA,BUY,LIMIT,150.2,100,288,1044
1764298947124,TSLA,BUY,LIMIT,150.22,500,289,1012
1764298947163,TSLA,BUY,LIMIT,150.23,2000,290,1076
1764298947212,TSLA,SELL,MARKET,0.0,1000,291,1079
1764298947261,TSLA,SELL,LIMIT,150.44,100,292,1088
1764298947294,TSLA,BUY,LIMIT,150.29,5000,293,1056
1764298947381,TSLA,BUY,LIMIT,150.28,2000,294,1040
1764298947438,TSLA,BUY,LIMIT,150.22,200,295,1015
1764298947524,TSLA,SELL,LIMIT,150.29,1000,296,1033
1764298947542,TSLA,SELL,LIMIT,150.24,1000,297,1087
1764298947602,TSLA,SELL,LIMIT,150.29,100,298,1085
1764298947640,TSLA,BUY,LIMIT,150.08,500,299,1050
1764298947704,TSLA,SELL,LIMIT,150.26,1000,300,1061
1764298947754,TSLA,BUY,LIMIT,150.24,100,301,1024
1764298947853,TSLA,SELL,MARKET,0.0,1000,302,1047
1764298947913,TSLA,SELL,LIMIT,150.41,5000,303,1024
1764298947957,TSLA,SELL,LIMIT,150.31,100,304,1094
1764298948038,TSLA,BUY,LIMIT,150.28,1000,305,1049
1764298948076,TSLA,SELL,LIMIT,150.34,2000,306,1035
1764298948154,TSLA,BUY,LIMIT,150.18,2000,307,1049
1764298948219,TSLA,SELL,LIMIT,150.18,2000,308,1084
1764298948299,TSLA,BUY,MARKET,0.0,5000,309,1094
1764298948332,TSLA,BUY,LIMIT,149.97,5000,310,1094
1764298948424,TSLA,BUY,LIMIT,149.96,500,311,1095
1764298948436,TSLA,BUY,LIMIT,150.01,1000,312,1093
1764298948471,TSLA,SELL,LIMIT,150.12,5000,313,1089
1764298948478,TSLA,BUY,LIMIT,150.14,1000,314,1049
1764298948541,TSLA,BUY,LIMIT,150.09,200,315,1037
1764298948549,TSLA,SELL,LIMIT,150.29,200,316,1030
1764298948586,TSLA,BUY,LIMIT,150.19,200,317,1046
1764298948634,TSLA,SELL,LIMIT,150.24,200,318,1020
1764298948705,TSLA,SELL,MARKET,0.0,2000,319,1058
1764298948727,TSLA,SELL,LIMIT,150.06,2000,320,1012
1764298948821,TSLA,BUY,LIMIT,149.97,2000,321,1042
1764298948901,TSLA,SELL,LIMIT,150.09,100,322,1037
1764298948957,TSLA,BUY,LIMIT,150.05,100,323,1042
1764298949018,TSLA,SELL,LIMIT,150.12,200,324,1091
1764298949093,TSLA,BUY,LIMIT,149.94,100,325,1042
1764298949145,TSLA,BUY,MARKET,0.0,100,326,1006
1764298949169,TSLA,SELL,LIMIT,150.04,500,327,1025
1764298949190,TSLA,SELL,LIMIT,149.92,100,328,1024
1764298949269,TSLA,BUY,LIMIT,149.76,5000,329,1044
1764298949341,TSLA,SELL,LIMIT,149.88,5000,330,1040
1764298949362,TSLA,SELL,MARKET,0.0,100,331,1056
1764298949388,TSLA,BUY,MARKET,0.0,500,332,1030
1764298949481,TSLA,SELL,LIMIT,149.68,2000,333,1086
1764298949497,TSLA,SELL,LIMIT,149.71,500,334,1048
1764298949575,TSLA,BUY,LIMIT,149.57,2000,335,1057
1764298949590,TSLA,BUY,LIMIT,149.67,100,336,1016
1764298949604,TSLA,BUY,LIMIT,149.73,2000,337,1004
1764298949617,TSLA,SELL,LIMIT,149.9,2000,338,1085
1764298949653,TSLA,SELL,MARKET,0.0,5000,339,1084
1764298949709,TSLA,SELL,LIMIT,149.79,1000,340,1098
1764298949784,TSLA,SELL,MARKET,0.0,200,341,1041
1764298949869,TSLA,SELL,MARKET,0.0,200,342,1025
1764298949902,TSLA,SELL,LIMIT,149.77,200,343,1007
1764298949951,TSLA,SELL,LIMIT,149.87,5000,344,1095
1764298950019,TSLA,SELL,LIMIT,149.92,200,345,1030
1764298950060,TSLA,SELL,LIMIT,149.95,5000,346,1016
1764298950145,TSLA,BUY,LIMIT,149.85,200,347,1012
1764298950240,TSLA,BUY,LIMIT,149.94,200,348,1000
1764298950288,TSLA,SELL,LIMIT,149.98,2000,349,1023
1764298950328,TSLA,BUY,LIMIT,149.84,5000,350,1060
1764298950347,TSLA,BUY,LIMIT,149.79,2000,351,1099
1764298950388,TSLA,BUY,LIMIT,149.84,2000,352,1050
1764298950429,TSLA,BUY,LIMIT,149.84,2000,353,1062
1764298950526,TSLA,SELL,LIMIT,149.87,100,354,1016
1764298950606,TSLA,SELL,LIMIT,149.85,200,355,1057
1764298950607,TSLA,BUY,LIMIT,149.77,200,356,1045
1764298950661,TSLA,BUY,LIMIT,149.69,500,357,1002
1764298950730,TSLA,SELL,MARKET,0.0,500,358,1068
1764298950790,TSLA,BUY,LIMIT,149.66,5000,359,1017
1764298950847,TSLA,BUY,LIMIT,149.65,100,360,1051
1764298950916,TSLA,BUY,LIMIT,149.67,100,361,1030
1764298950988,TSLA,BUY,LIMIT,149.76,1000,362,1088
1764298951080,TSLA,SELL,LIMIT,149.73,500,363,1032
1764298951121,TSLA,BUY,LIMIT,149.56,2000,364,1062
1764298951140,TSLA,SELL,LIMIT,149.75,1000,365,1009
1764298951177,TSLA,BUY,MARKET,0.0,1000,366,1022
1764298951258,TSLA,SELL,LIMIT,149.77,100,367,1005
1764298951286,TSLA,SELL,LIMIT,149.81,100,368,1085
1764298951301,TSLA,SELL,MARKET,0.0,5000,369,1091
1764298951315,TSLA,SELL,LIMIT,149.87,2000,370,1065
1764298951321,TSLA,BUY,LIMIT,149.81,2000,371,1026
1764298951338,TSLA,SELL,MARKET,0.0,200,372,1074
1764298951438,TSLA,BUY,LIMIT,149.67,500,373,1024
1764298951497,TSLA,BUY,LIMIT,149.64,100,374,1052
1764298951518,TSLA,SELL,LIMIT,149.72,200,375,1035
1764298951557,TSLA,BUY,LIMIT,149.55,5000,376,1065
1764298951615,TSLA,SELL,LIMIT,149.72,100,377,1025
1764298951685,TSLA,SELL,LIMIT,149.66,200,378,1005
1764298951707,TSLA,BUY,LIMIT,149.68,5000,379,1087
1764298951715,TSLA,SELL,LIMIT,149.83,500,380,1048
1764298951786,TSLA,SELL,LIMIT,149.78,500,381,1047
1764298951800,TSLA,BUY,LIMIT,149.74,1000,382,1081
1764298951884,TSLA,BUY,LIMIT,149.86,5000,383,1069
1764298951907,TSLA,SELL,LIMIT,149.89,1000,384,1084
1764298951983,TSLA,SELL,LIMIT,149.83,2000,385,1064
1764298952054,TSLA,SELL,MARKET,0.0,1000,386,1083
1764298952125,TSLA,BUY,MARKET,0.0,5000,387,1027
1764298952156,TSLA,BUY,LIMIT,149.69,200,388,1062
1764298952227,TSLA,SELL,MARKET,0.0,2000,389,1016
1764298952274,TSLA,SELL,MARKET,0.0,100,390,1043
1764298952338,TSLA,BUY,LIMIT,149.75,100,391,1002
1764298952434,TSLA,BUY,LIMIT,149.61,5000,392,1052
1764298952528,TSLA,BUY,LIMIT,149.73,500,393,1052
1764298952583,TSLA,SELL,LIMIT,149.86,500,394,1019
1764298952612,TSLA,SELL,LIMIT,149.8,500,395,1033
1764298952631,TSLA,SELL,LIMIT,149.8,2000,396,1072
1764298952661,TSLA,BUY,LIMIT,149.59,1000,397,1059
1764298952702,TSLA,SELL,LIMIT,149.69,200,398,1070
1764298952725,TSLA,BUY,LIMIT,149.56,1000,399,1023
1764298952741,TSLA,BUY,LIMIT,149.56,500,400,1041
1764298952835,TSLA,SELL,LIMIT,149.53,5000,401,1077
1764298952898,TSLA,BUY,LIMIT,149.5,2000,402,1075
1764298952953,TSLA,BUY,LIMIT,149.52,5000,403,1062
1764298952958,TSLA,SELL,LIMIT,149.64,500,404,1048
1764298953021,TSLA,BUY,LIMIT,149.48,500,405,1004
1764298953047,TSLA,BUY,LIMIT,149.39,500,406,1000
1764298953101,TSLA,BUY,MARKET,0.0,1000,407,1034
1764298953179,TSLA,BUY,LIMIT,149.38,5000,408,1000
1764298953251,TSLA,BUY,LIMIT,149.41,5000,409,1020
1764298953331,TSLA,BUY,LIMIT,149.51,500,410,1086
1764298953351,TSLA,SELL,LIMIT,149.65,5000,411,1058
1764298953371,TSLA,SELL,MARKET,0.0,500,412,1099
1764298953437,TSLA,SELL,LIMIT,149.67,1000,413,1089
1764298953477,TSLA,BUY,LIMIT,149.47,500,414,1075
1764298953556,TSLA,BUY,LIMIT,149.55,2000,415,1011
1764298953628,TSLA,BUY,MARKET,0.0,2000,416,1032
1764298953728,TSLA,BUY,LIMIT,149.58,2000,417,1009
1764298953729,TSLA,BUY,MARKET,0.0,500,418,1067
1764298953753,TSLA,SELL,MARKET,0.0,5000,419,1086
1764298953762,TSLA,SELL,LIMIT,149.52,1000,420,1072
1764298953765,TSLA,BUY,LIMIT,149.41,100,421,1022
1764298953789,TSLA,BUY,LIMIT,149.42,200,422,1075
1764298953866,TSLA,BUY,LIMIT,149.32,200,423,1096
1764298953884,TSLA,BUY,LIMIT,149.3,200,424,1077
1764298953919,TSLA,SELL,LIMIT,149.46,1000,425,1051
1764298953940,TSLA,BUY,MARKET,0.0,2000,426,1053
1764298953961,TSLA,SELL,LIMIT,149.36,100,427,1005
1764298953971,TSLA,BUY,LIMIT,149.21,200,428,1068
1764298954039,TSLA,BUY,LIMIT,149.16,200,429,1050
1764298954054,TSLA,SELL,LIMIT,149.38,200,430,1092
1764298954151,TSLA,SELL,LIMIT,149.3,2000,431,1063
1764298954240,TSLA,SELL,LIMIT,149.32,200,432,1054
1764298954303,TSLA,SELL,MARKET,0.0,1000,433,1044
1764298954401,TSLA,SELL,LIMIT,149.41,5000,434,1010
1764298954494,TSLA,SELL,LIMIT,149.42,5000,435,1036
1764298954534,TSLA,BUY,LIMIT,149.23,500,436,1067
1764298954613,TSLA,SELL,LIMIT,149.24,1000,437,1005
1764298954712,TSLA,BUY,MARKET,0.0,500,438,1048
1764298954730,TSLA,SELL,LIMIT,149.05,200,439,1008
1764298954737,TSLA,BUY,LIMIT,149.06,1000,440,1002
1764298954777,TSLA,SELL,LIMIT,149.01,200,441,1081
1764298954874,TSLA,SELL,LIMIT,149.1,100,442,1027
1764298954967,TSLA,BUY,LIMIT,148.96,1000,443,1046
1764298955004,TSLA,BUY,LIMIT,148.88,500,444,1031
1764298955073,TSLA,BUY,LIMIT,148.93,1000,445,1015
1764298955115,TSLA,SELL,MARKET,0.0,5000,446,1081
1764298955171,TSLA,SELL,LIMIT,149.09,2000,447,1022
1764298955232,TSLA,SELL,LIMIT,149.02,100,448,1052
1764298955252,TSLA,BUY,LIMIT,148.9,5000,449,1061
1764298955291,TSLA,SELL,LIMIT,149.01,100,450,1045
1764298955345,TSLA,BUY,MARKET,0.0,1000,451,1080
1764298955414,TSLA,BUY,LIMIT,148.83,1000,452,1036
1764298955475,TSLA,SELL,LIMIT,149.02,500,453,1063
1764298955509,TSLA,SELL,LIMIT,149.01,200,454,1001
1764298955533,TSLA,SELL,LIMIT,149.05,500,455,1034
1764298955631,TSLA,BUY,LIMIT,149.01,100,456,1053
1764298955716,TSLA,BUY,LIMIT,149.02,1000,457,1008
1764298955807,TSLA,SELL,MARKET,0.0,2000,458,1012
1764298955864,TSLA,BUY,LIMIT,148.99,5000,459,1095
1764298955896,TSLA,SELL,LIMIT,149.17,2000,460,1021
1764298955981,TSLA,BUY,LIMIT,149.05,200,461,1036
1764298955992,TSLA,SELL,LIMIT,149.14,100,462,1054
1764298956054,TSLA,BUY,LIMIT,149.0,200,463,1075
1764298956133,TSLA,SELL,MARKET,0.0,100,464,1066
1764298956201,TSLA,BUY,MARKET,0.0,200,465,1042
1764298956249,TSLA,SELL,LIMIT,148.92,500,466,1007
1764298956321,TSLA,BUY,LIMIT,148.83,2000,467,1032
1764298956418,TSLA,SELL,LIMIT,148.88,200,468,1002
1764298956444,TSLA,SELL,LIMIT,148.8,200,469,1061
1764298956470,TSLA,SELL,LIMIT,148.81,200,470,1067
1764298956510,TSLA,BUY,MARKET,0.0,200,471,1069
1764298956594,TSLA,SELL,LIMIT,148.87,100,472,1050
1764298956684,TSLA,SELL,LIMIT,148.98,200,473,1011
1764298956746,TSLA,BUY,LIMIT,148.86,500,474,1052
1764298956823,TSLA,SELL,LIMIT,148.85,5000,475,1079
1764298956844,TSLA,SELL,LIMIT,148.84,200,476,1082
1764298956854,TSLA,BUY,LIMIT,148.72,5000,477,1077
1764298956857,TSLA,SELL,LIMIT,148.9,5000,478,1033
1764298956891,TSLA,SELL,LIMIT,149.04,2000,479,1097
1764298956908,TSLA,BUY,LIMIT,148.84,5000,480,1029
1764298956915,TSLA,SELL,MARKET,0.0,1000,481,1093
1764298957012,TSLA,BUY,LIMIT,148.69,500,482,1046
1764298957100,TSLA,SELL,LIMIT,148.87,1000,483,1001
1764298957124,TSLA,BUY,LIMIT,148.78,2000,484,1039
1764298957136,TSLA,SELL,LIMIT,148.88,500,485,1031
1764298957157,TSLA,BUY,LIMIT,148.67,2000,486,1085
1764298957204,TSLA,BUY,LIMIT,148.61,100,487,1038
1764298957225,TSLA,SELL,LIMIT,148.75,500,488,1027
1764298957256,TSLA,SELL,LIMIT,148.87,2000,489,1026
1764298957310,TSLA,BUY,LIMIT,148.72,2000,490,1073
1764298957327,TSLA,BUY,LIMIT,148.73,500,491,1058
1764298957414,TSLA,BUY,LIMIT,148.81,1000,492,1099
1764298957450,TSLA,SELL,LIMIT,148.97,5000,493,1075
1764298957454,TSLA,BUY,LIMIT,148.87,200,494,1026
1764298957476,TSLA,SELL,MARKET,0.0,1000,495,1010
1764298957480,TSLA,BUY,LIMIT,148.86,5000,496,1040
1764298957519,TSLA,BUY,MARKET,0.0,200,497,1093
1764298957600,TSLA,SELL,MARKET,0.0,5000,498,1026
1764298957613,TSLA,SELL,LIMIT,148.91,5000,499,1022
1764298957633,TSLA,BUY,LIMIT,148.9,1000,500,1088
1764298957657,TSLA,BUY,LIMIT,148.84,500,501,1017
1764298957701,TSLA,SELL,LIMIT,148.92,500,502,1047
1764298957754,TSLA,SELL,LIMIT,148.93,2000,503,1084
1764298957760,TSLA,BUY,LIMIT,148.89,1000,504,1008
1764298957766,TSLA,BUY,LIMIT,148.92,5000,505,1012
1764298957776,TSLA,SELL,LIMIT,149.1,2000,506,1036
1764298957863,TSLA,BUY,LIMIT,149.03,2000,507,1090
1764298957910,TSLA,BUY,LIMIT,149.09,1000,508,1050
1764298957927,TSLA,BUY,MARKET,0.0,2000,509,1088
1764298957980,TSLA,SELL,MARKET,0.0,100,510,1023
1764298957999,TSLA,SELL,LIMIT,149.1,500,511,1068
1764298958016,TSLA,SELL,LIMIT,149.26,1000,512,1077
1764298958052,TSLA,SELL,MARKET,0.0,200,513,1067
1764298958137,TSLA,SELL,LIMIT,149.06,1000,514,1064
1764298958169,TSLA,BUY,LIMIT,148.93,2000,515,1065
1764298958183,TSLA,SELL,MARKET,0.0,1000,516,1046
1764298958271,TSLA,SELL,LIMIT,149.05,2000,517,1035
1764298958284,TSLA,SELL,LIMIT,149.13,1000,518,1013
1764298958340,TSLA,BUY,LIMIT,149.04,1000,519,1071
1764298958362,TSLA,BUY,LIMIT,149.11,500,520,1097
1764298958367,TSLA,BUY,LIMIT,149.07,2000,521,1056
1764298958399,TSLA,BUY,MARKET,0.0,5000,522,1072
1764298958409,TSLA,SELL,LIMIT,149.2,100,523,1008
1764298958497,TSLA,SELL,MARKET,0.0,200,524,1052
1764298958518,TSLA,BUY,LIMIT,149.18,1000,525,1084
1764298958525,TSLA,SELL,LIMIT,149.44,1000,526,1074
1764298958595,TSLA,BUY,LIMIT,149.24,2000,527,1039
1764298958607,TSLA,SELL,LIMIT,149.37,2000,528,1049
1764298958684,TSLA,SELL,LIMIT,149.29,100,529,1088
1764298958724,TSLA,SELL,LIMIT,149.35,100,530,1088
1764298958808,TSLA,SELL,LIMIT,149.26,500,531,1066
1764298958897,TSLA,BUY,LIMIT,149.16,500,532,1023
1764298958966,TSLA,SELL,LIMIT,149.37,100,533,1014
1764298959041,TSLA,SELL,LIMIT,149.3,500,534,1081
1764298959087,TSLA,SELL,LIMIT,149.38,500,535,1018
1764298959117,TSLA,BUY,LIMIT,149.18,200,536,1025
1764298959142,TSLA,SELL,LIMIT,149.2,2000,537,1024
1764298959200,TSLA,BUY,MARKET,0.0,200,538,1008
1764298959239,TSLA,SELL,LIMIT,149.23,100,539,1100
1764298959246,TSLA,SELL,LIMIT,149.2,5000,540,1037
1764298959314,TSLA,SELL,LIMIT,149.29,2000,541,1083
1764298959328,TSLA,BUY,LIMIT,149.1,500,542,1046
1764298959428,TSLA,BUY,LIMIT,149.16,200,543,1063
1764298959454,TSLA,SELL,LIMIT,149.18,1000,544,1024
1764298959466,TSLA,SELL,LIMIT,149.24,1000,545,1044
1764298959536,TSLA,BUY,LIMIT,149.05,500,546,1094
1764298959633,TSLA,BUY,LIMIT,149.12,5000,547,1007
1764298959636,TSLA,BUY,LIMIT,149.17,1000,548,1030
1764298959707,TSLA,BUY,LIMIT,149.1,1000,549,1098
1764298959745,TSLA,BUY,MARKET,0.0,100,550,1088
1764298959796,TSLA,SELL,MARKET,0.0,200,551,1040
1764298959851,TSLA,SELL,LIMIT,149.18,5000,552,1092
1764298959931,TSLA,BUY,LIMIT,149.15,500,553,1033
1764298959947,TSLA,BUY,LIMIT,149.06,2000,554,1052
1764298960009,TSLA,BUY,LIMIT,149.13,100,555,1040
1764298960053,TSLA,SELL,LIMIT,149.25,1000,556,1052
1764298960107,TSLA,BUY,MARKET,0.0,1000,557,1021
1764298960126,TSLA,BUY,LIMIT,149.14,1000,558,1050
1764298960192,TSLA,SELL,LIMIT,149.29,100,559,1073
1764298960206,TSLA,BUY,MARKET,0.0,200,560,1067
1764298960297,TSLA,SELL,LIMIT,149.28,100,561,1056
1764298960330,TSLA,BUY,LIMIT,149.14,500,562,1068
1764298960362,TSLA,SELL,LIMIT,149.3,5000,563,1079
1764298960422,TSLA,BUY,LIMIT,149.32,200,564,1076
1764298960428,TSLA,BUY,LIMIT,149.27,2000,565,1030
1764298960455,TSLA,BUY,MARKET,0.0,5000,566,1064
1764298960540,TSLA,BUY,MARKET,0.0,2000,567,1028
1764298960592,TSLA,BUY,MARKET,0.0,5000,568,1040
1764298960594,TSLA,BUY,LIMIT,149.18,5000,569,1071
1764298960694,TSLA,BUY,LIMIT,149.07,2000,570,1064
1764298960711,TSLA,BUY,LIMIT,149.05,5000,571,1051
1764298960747,TSLA,BUY,LIMIT,149.03,5000,572,1016
1764298960794,TSLA,SELL,LIMIT,149.17,1000,573,1006
1764298960874,TSLA,SELL,MARKET,0.0,1000,574,1068
1764298960908,TSLA,BUY,LIMIT,149.05,5000,575,1083
1764298960925,TSLA,SELL,MARKET,0.0,5000,576,1075
1764298961002,TSLA,SELL,LIMIT,149.04,100,577,1094
1764298961008,TSLA,BUY,LIMIT,148.94,500,578,1079
1764298961081,TSLA,BUY,LIMIT,148.98,1000,579,1045
1764298961141,TSLA,BUY,MARKET,0.0,2000,580,1028
1764298961207,TSLA,SELL,LIMIT,149.12,500,581,1096
1764298961247,TSLA,BUY,LIMIT,149.05,1000,582,1062
1764298961319,TSLA,SELL,LIMIT,149.13,200,583,1024
1764298961417,TSLA,BUY,LIMIT,149.04,5000,584,1042
1764298961471,TSLA,SELL,LIMIT,149.16,100,585,1089
1764298961491,TSLA,BUY,LIMIT,149.14,2000,586,1059
1764298961591,TSLA,SELL,LIMIT,149.31,5000,587,1000
1764298961630,TSLA,SELL,MARKET,0.0,500,588,1023
1764298961685,TSLA,SELL,LIMIT,149.4,100,589,1071
1764298961697,TSLA,BUY,LIMIT,149.3,500,590,1097
1764298961707,TSLA,SELL,LIMIT,149.42,100,591,1082
1764298961711,TSLA,BUY,LIMIT,149.25,5000,592,1021
1764298961792,TSLA,BUY,MARKET,0.0,200,593,1064
1764298961860,TSLA,SELL,MARKET,0.0,5000,594,1056
1764298961895,TSLA,BUY,MARKET,0.0,200,595,1098
1764298961941,TSLA,SELL,LIMIT,149.25,200,596,1039
1764298962037,TSLA,BUY,MARKET,0.0,5000,597,1053
1764298962083,TSLA,BUY,LIMIT,149.03,500,598,1025
1764298962139,TSLA,BUY,LIMIT,148.94,200,599,1047
1764298962182,TSLA,BUY,LIMIT,149.07,200,600,1080
1764298962257,TSLA,SELL,LIMIT,149.17,1000,601,1050
1764298962337,TSLA,SELL,LIMIT,149.17,200,602,1032
1764298962377,TSLA,SELL,LIMIT,149.19,5000,603,1059
1764298962386,TSLA,SELL,LIMIT,149.07,200,604,1038
1764298962396,TSLA,SELL,MARKET,0.0,200,605,1001
1764298962438,TSLA,BUY,LIMIT,149.14,5000,606,1074
1764298962518,TSLA,SELL,LIMIT,149.38,200,607,1002
1764298962563,TSLA,BUY,LIMIT,149.24,200,608,1010
1764298962632,TSLA,BUY,LIMIT,149.3,2000,609,1006
1764298962710,TSLA,SELL,MARKET,0.0,100,610,1042
1764298962720,TSLA,SELL,LIMIT,149.27,2000,611,1029
1764298962722,TSLA,SELL,LIMIT,149.34,500,612,1026
1764298962750,TSLA,BUY,LIMIT,149.3,1000,613,1021
1764298962818,TSLA,SELL,MARKET,0.0,200,614,1032
1764298962866,TSLA,SELL,LIMIT,149.26,2000,615,1057
1764298962907,TSLA,SELL,LIMIT,149.29,500,616,1029
1764298962993,TSLA,BUY,LIMIT,149.18,500,617,1015
1764298963091,TSLA,BUY,MARKET,0.0,1000,618,1050
1764298963120,TSLA,BUY,LIMIT,149.07,2000,619,1067
1764298963203,TSLA,BUY,LIMIT,149.03,500,620,1040
1764298963295,TSLA,SELL,LIMIT,149.06,500,621,1075
1764298963299,TSLA,BUY,LIMIT,148.95,200,622,1033
1764298963347,TSLA,BUY,MARKET,0.0,1000,623,1026
1764298963372,TSLA,SELL,MARKET,0.0,200,624,1072
1764298963383,TSLA,SELL,LIMIT,149.13,500,625,1086
1764298963417,TSLA,BUY,LIMIT,148.93,5000,626,1011
1764298963436,TSLA,SELL,LIMIT,149.01,2000,627,1069
1764298963445,TSLA,BUY,LIMIT,148.96,100,628,1044
1764298963469,TSLA,BUY,MARKET,0.0,500,629,1050
1764298963542,TSLA,BUY,LIMIT,148.86,200,630,1094
1764298963635,TSLA,SELL,MARKET,0.0,1000,631,1098
1764298963705,TSLA,SELL,LIMIT,149.16,500,632,1077
1764298963732,TSLA,BUY,LIMIT,149.05,2000,633,1019
1764298963745,TSLA,SELL,LIMIT,149.25,200,634,1088
1764298963749,TSLA,SELL,LIMIT,149.22,1000,635,1041
1764298963818,TSLA,SELL,LIMIT,149.32,200,636,1026
1764298963876,TSLA,BUY,LIMIT,149.15,2000,637,1040
1764298963911,TSLA,BUY,LIMIT,149.27,1000,638,1096
1764298964000,TSLA,SELL,MARKET,0.0,200,639,1065
1764298964082,TSLA,SELL,MARKET,0.0,500,640,1019
1764298964133,TSLA,SELL,LIMIT,149.52,1000,641,1099
1764298964149,TSLA,SELL,LIMIT,149.43,200,642,1083
1764298964229,TSLA,SELL,LIMIT,149.46,500,643,1095
1764298964236,TSLA,SELL,LIMIT,149.52,100,644,1022
1764298964313,TSLA,SELL,LIMIT,149.49,500,645,1061
1764298964371,TSLA,SELL,MARKET,0.0,100,646,1041
1764298964447,TSLA,SELL,LIMIT,149.57,100,647,1077
1764298964492,TSLA,BUY,LIMIT,149.42,1000,648,1078
1764298964500,TSLA,BUY,LIMIT,149.53,500,649,1086
1764298964591,TSLA,BUY,LIMIT,149.53,5000,650,1038
1764298964644,TSLA,BUY,LIMIT,149.43,5000,651,1076
1764298964704,TSLA,SELL,LIMIT,149.59,1000,652,1072
1764298964744,TSLA,SELL,MARKET,0.0,1000,653,1094
1764298964808,TSLA,BUY,LIMIT,149.43,1000,654,1050
1764298964856,TSLA,BUY,LIMIT,149.37,100,655,1046
1764298964899,TSLA,SELL,LIMIT,149.45,2000,656,1025
1764298964992,TSLA,BUY,MARKET,0.0,200,657,1087
1764298964999,TSLA,SELL,LIMIT,149.37,2000,658,1002
1764298965069,TSLA,SELL,LIMIT,149.43,1000,659,1084
1764298965146,TSLA,SELL,LIMIT,149.36,2000,660,1047
1764298965239,TSLA,BUY,LIMIT,149.32,2000,661,1076
1764298965241,TSLA,SELL,LIMIT,149.37,200,662,1028
1764298965277,TSLA,SELL,LIMIT,149.33,2000,663,1030
1764298965368,TSLA,SELL,LIMIT,149.29,500,664,1100
1764298965384,TSLA,SELL,LIMIT,149.36,5000,665,1095
1764298965437,TSLA,SELL,LIMIT,149.43,500,666,1043
1764298965519,TSLA,SELL,LIMIT,149.32,2000,667,1068
1764298965528,TSLA,BUY,LIMIT,149.32,1000,668,1027
1764298965581,TSLA,SELL,LIMIT,149.48,2000,669,1100
1764298965657,TSLA,BUY,LIMIT,149.38,500,670,1049
1764298965721,TSLA,BUY,MARKET,0.0,500,671,1022
1764298965727,TSLA,BUY,LIMIT,149.48,2000,672,1039
1764298965772,TSLA,BUY,MARKET,0.0,2000,673,1031
1764298965820,TSLA,SELL,LIMIT,149.43,2000,674,1089
1764298965852,TSLA,BUY,LIMIT,149.29,1000,675,1080
1764298965921,TSLA,SELL,MARKET,0.0,1000,676,1051
1764298966002,TSLA,BUY,LIMIT,149.26,200,677,1021
1764298966082,TSLA,SELL,LIMIT,149.29,200,678,1029
1764298966086,TSLA,SELL,LIMIT,149.3,2000,679,1036
1764298966132,TSLA,BUY,LIMIT,149.14,100,680,1097
1764298966178,TSLA,SELL,LIMIT,149.29,1000,681,1010
1764298966229,TSLA,BUY,LIMIT,149.21,100,682,1078
1764298966232,TSLA,SELL,LIMIT,149.35,1000,683,1005
1764298966326,TSLA,BUY,LIMIT,149.11,100,684,1033
1764298966362,TSLA,SELL,LIMIT,149.22,500,685,1005
1764298966387,TSLA,BUY,LIMIT,149.06,500,686,1056
1764298966459,TSLA,BUY,LIMIT,149.21,5000,687,1063
1764298966501,TSLA,BUY,LIMIT,149.15,500,688,1097
1764298966584,TSLA,BUY,MARKET,0.0,500,689,1021
1764298966605,TSLA,SELL,LIMIT,149.11,100,690,1036
1764298966667,TSLA,BUY,LIMIT,149.02,1000,691,1003
1764298966710,TSLA,BUY,LIMIT,149.06,1000,692,1045
1764298966766,TSLA,BUY,LIMIT,149.06,100,693,1093
1764298966785,TSLA,SELL,LIMIT,149.25,5000,694,1026
1764298966877,TSLA,BUY,LIMIT,149.21,5000,695,1068
1764298966878,TSLA,BUY,LIMIT,149.26,5000,696,1023
1764298966948,TSLA,BUY,MARKET,0.0,5000,697,1088
1764298967041,TSLA,BUY,LIMIT,149.23,500,698,1077
1764298967082,TSLA,SELL,MARKET,0.0,5000,699,1044
1764298967142,TSLA,BUY,LIMIT,149.27,5000,700,1012
1764298967209,TSLA,SELL,MARKET,0.0,1000,701,1024
1764298967274,TSLA,SELL,LIMIT,149.25,500,702,1035
1764298967366,TSLA,SELL,LIMIT,149.24,100,703,1065
1764298967423,TSLA,BUY,MARKET,0.0,5000,704,1039
1764298967474,TSLA,SELL,LIMIT,149.09,1000,705,1094
1764298967486,TSLA,BUY,LIMIT,149.04,200,706,1092
1764298967518,TSLA,SELL,LIMIT,149.28,1000,707,1007
1764298967522,TSLA,SELL,MARKET,0.0,2000,708,1049
1764298967612,TSLA,BUY,LIMIT,149.1,100,709,1032
1764298967668,TSLA,SELL,LIMIT,149.35,200,710,1054
1764298967723,TSLA,BUY,LIMIT,149.26,1000,711,1054
1764298967806,TSLA,BUY,MARKET,0.0,2000,712,1073
1764298967901,TSLA,SELL,LIMIT,149.32,100,713,1039
1764298967950,TSLA,SELL,MARKET,0.0,5000,714,1079
1764298967971,TSLA,BUY,LIMIT,149.26,2000,715,1009
1764298967978,TSLA,SELL,LIMIT,149.28,1000,716,1006
1764298968010,TSLA,SELL,MARKET,0.0,500,717,1071
1764298968061,TSLA,BUY,MARKET,0.0,5000,718,1056
1764298968146,TSLA,SELL,MARKET,0.0,200,719,1039
1764298968159,TSLA,BUY,MARKET,0.0,2000,720,1030
1764298968213,TSLA,SELL,LIMIT,149.23,200,721,1090
1764298968306,TSLA,BUY,MARKET,0.0,1000,722,1019
1764298968319,TSLA,BUY,LIMIT,149.26,2000,723,1042
1764298968406,TSLA,BUY,MARKET,0.0,2000,724,1058
1764298968420,TSLA,BUY,LIMIT,149.42,200,725,1004
1764298968492,TSLA,SELL,LIMIT,149.54,1000,726,1090
1764298968514,TSLA,BUY,LIMIT,149.34,2000,727,1001
1764298968577,TSLA,BUY,LIMIT,149.35,200,728,1002
1764298968627,TSLA,BUY,LIMIT,149.35,5000,729,1081
1764298968643,TSLA,SELL,LIMIT,149.32,100,730,1038
1764298968651,TSLA,BUY,LIMIT,149.26,100,731,1007
1764298968716,TSLA,BUY,LIMIT,149.31,500,732,1056
1764298968717,TSLA,BUY,LIMIT,149.36,1000,733,1021
1764298968730,TSLA,BUY,LIMIT,149.36,200,734,1042
1764298968753,TSLA,BUY,MARKET,0.0,1000,735,1005
1764298968765,TSLA,SELL,LIMIT,149.38,100,736,1085
1764298968798,TSLA,SELL,LIMIT,149.36,200,737,1003
1764298968799,TSLA,BUY,LIMIT,149.22,200,738,1010
1764298968818,TSLA,BUY,MARKET,0.0,200,739,1081
1764298968880,TSLA,BUY,LIMIT,149.29,200,740,1053
1764298968890,TSLA,SELL,LIMIT,149.38,100,741,1024
1764298968896,TSLA,BUY,LIMIT,149.25,500,742,1008
1764298968960,TSLA,BUY,LIMIT,149.21,2000,743,1060
1764298968991,TSLA,BUY,LIMIT,149.27,2000,744,1093
1764298969090,TSLA,BUY,LIMIT,149.24,1000,745,1089
1764298969152,TSLA,BUY,MARKET,0.0,1000,746,1043
1764298969217,TSLA,SELL,LIMIT,149.43,1000,747,1096
1764298969268,TSLA,BUY,MARKET,0.0,200,748,1072
1764298969358,TSLA,BUY,LIMIT,149.24,5000,749,1063
1764298969396,TSLA,SELL,LIMIT,149.24,200,750,1013
1764298969463,TSLA,SELL,LIMIT,149.31,2000,751,1015
1764298969468,TSLA,BUY,MARKET,0.0,200,752,1029
1764298969535,TSLA,BUY,MARKET,0.0,1000,753,1037
1764298969599,TSLA,BUY,LIMIT,149.06,500,754,1081
1764298969665,TSLA,BUY,LIMIT,149.01,200,755,1086
1764298969703,TSLA,SELL,LIMIT,149.11,5000,756,1087
1764298969747,TSLA,SELL,LIMIT,149.15,5000,757,1070
1764298969797,TSLA,SELL,MARKET,0.0,2000,758,1027
1764298969855,TSLA,BUY,LIMIT,149.1,1000,759,1037
1764298969917,TSLA,SELL,LIMIT,149.24,1000,760,1030
1764298970001,TSLA,BUY,LIMIT,149.03,100,761,1066
1764298970003,TSLA,BUY,LIMIT,149.08,2000,762,1002
1764298970049,TSLA,SELL,MARKET,0.0,5000,763,1035
1764298970079,TSLA,BUY,LIMIT,149.05,500,764,1010
1764298970113,TSLA,SELL,LIMIT,149.09,500,765,1007
1764298970141,TSLA,SELL,LIMIT,149.01,100,766,1058
1764298970186,TSLA,SELL,LIMIT,148.91,1000,767,1038
1764298970243,TSLA,BUY,LIMIT,148.76,500,768,1001
1764298970244,TSLA,SELL,LIMIT,148.79,2000,769,1088
1764298970280,TSLA,BUY,LIMIT,148.72,100,770,1041
1764298970284,TSLA,BUY,LIMIT,148.74,5000,771,1093
1764298970308,TSLA,SELL,LIMIT,148.92,5000,772,1099
1764298970406,TSLA,BUY,LIMIT,148.85,100,773,1096
1764298970430,TSLA,BUY,MARKET,0.0,5000,774,1096
1764298970467,TSLA,BUY,LIMIT,148.82,5000,775,1041
1764298970562,TSLA,SELL,LIMIT,148.96,2000,776,1008
1764298970658,TSLA,BUY,MARKET,0.0,2000,777,1034
1764298970702,TSLA,SELL,LIMIT,148.78,200,778,1008
1764298970801,TSLA,SELL,LIMIT,148.84,1000,779,1037
1764298970878,TSLA,SELL,MARKET,0.0,2000,780,1059
1764298970952,TSLA,SELL,LIMIT,148.89,1000,781,1014
1764298971002,TSLA,BUY,MARKET,0.0,500,782,1018
1764298971092,TSLA,SELL,LIMIT,148.88,100,783,1092
1764298971093,TSLA,SELL,LIMIT,148.8,100,784,1022
1764298971123,TSLA,BUY,LIMIT,148.7,5000,785,1060
1764298971216,TSLA,BUY,LIMIT,148.74,500,786,1007
1764298971297,TSLA,SELL,LIMIT,148.84,1000,787,1085
1764298971345,TSLA,BUY,LIMIT,148.76,200,788,1006
1764298971374,TSLA,SELL,LIMIT,148.86,5000,789,1084
1764298971378,TSLA,SELL,MARKET,0.0,2000,790,1065
1764298971434,TSLA,BUY,MARKET,0.0,100,791,1088
1764298971442,TSLA,BUY,MARKET,0.0,500,792,1050
1764298971489,TSLA,BUY,LIMIT,148.73,100,793,1003
1764298971530,TSLA,SELL,LIMIT,148.91,100,794,1020
1764298971609,TSLA,SELL,MARKET,0.0,100,795,1037
1764298971708,TSLA,BUY,LIMIT,148.86,200,796,1069
1764298971782,TSLA,BUY,LIMIT,148.83,200,797,1088
1764298971806,TSLA,BUY,LIMIT,148.8,200,798,1001
1764298971887,TSLA,SELL,LIMIT,148.94,500,799,1046
1764298971949,TSLA,BUY,LIMIT,148.88,2000,800,1004
1764298972030,TSLA,BUY,LIMIT,148.85,2000,801,1014
1764298972047,TSLA,SELL,LIMIT,149.01,100,802,1016
1764298972088,TSLA,BUY,LIMIT,148.85,500,803,1064
1764298972131,TSLA,SELL,LIMIT,148.98,5000,804,1059
1764298972143,TSLA,BUY,LIMIT,148.73,500,805,1081
1764298972170,TSLA,BUY,MARKET,0.0,1000,806,1058
1764298972210,TSLA,BUY,LIMIT,148.83,200,807,1098
1764298972214,TSLA,BUY,LIMIT,148.8,200,808,1046
1764298972217,TSLA,BUY,MARKET,0.0,500,809,1027
1764298972275,TSLA,BUY,MARKET,0.0,2000,810,1026
1764298972338,TSLA,BUY,LIMIT,148.82,200,811,1061
1764298972391,TSLA,SELL,LIMIT,148.78,500,812,1077
1764298972401,TSLA,SELL,MARKET,0.0,500,813,1085
1764298972462,TSLA,SELL,LIMIT,148.91,500,814,1029
1764298972495,TSLA,BUY,LIMIT,148.8,5000,815,1073
1764298972592,TSLA,BUY,LIMIT,148.79,1000,816,1089
1764298972667,TSLA,SELL,LIMIT,148.96,200,817,1085
1764298972736,TSLA,BUY,LIMIT,148.84,2000,818,1056
1764298972827,TSLA,SELL,LIMIT,148.94,5000,819,1060
1764298972850,TSLA,SELL,LIMIT,149.01,100,820,1100
1764298972904,TSLA,BUY,MARKET,0.0,2000,821,1026
1764298972994,TSLA,BUY,MARKET,0.0,100,822,1069
1764298973008,TSLA,BUY,LIMIT,148.91,500,823,1076
1764298973105,TSLA,BUY,MARKET,0.0,5000,824,1000
1764298973174,TSLA,BUY,LIMIT,148.91,100,825,1091
1764298973254,TSLA,SELL,LIMIT,149.11,1000,826,1088
1764298973273,TSLA,SELL,LIMIT,149.11,2000,827,1002
1764298973327,TSLA,BUY,LIMIT,149.03,100,828,1007
1764298973356,TSLA,BUY,LIMIT,148.99,5000,829,1060
1764298973383,TSLA,SELL,LIMIT,149.09,200,830,1022
1764298973435,TSLA,SELL,MARKET,0.0,5000,831,1090
1764298973534,TSLA,BUY,MARKET,0.0,100,832,1067
1764298973593,TSLA,SELL,LIMIT,149.19,1000,833,1036
1764298973655,TSLA,SELL,LIMIT,149.24,5000,834,1044
1764298973686,TSLA,SELL,LIMIT,149.22,500,835,1089
1764298973719,TSLA,SELL,LIMIT,149.21,500,836,1097
1764298973793,TSLA,BUY,LIMIT,149.06,100,837,1095
1764298973889,TSLA,SELL,LIMIT,149.2,100,838,1045
1764298973956,TSLA,BUY,LIMIT,149.05,200,839,1083
1764298974019,TSLA,SELL,LIMIT,149.26,100,840,1093
1764298974047,TSLA,BUY,LIMIT,149.08,200,841,1005
1764298974100,TSLA,BUY,MARKET,0.0,2000,842,1009
1764298974172,TSLA,SELL,MARKET,0.0,1000,843,1050
1764298974235,TSLA,BUY,LIMIT,149.11,5000,844,1068
1764298974311,TSLA,BUY,LIMIT,149.02,500,845,1066
1764298974378,TSLA,SELL,LIMIT,149.21,500,846,1001
1764298974431,TSLA,BUY,MARKET,0.0,5000,847,1038
1764298974530,TSLA,BUY,LIMIT,149.1,5000,848,1017
1764298974616,TSLA,SELL,LIMIT,149.26,2000,849,1047
1764298974696,TSLA,BUY,LIMIT,149.16,200,850,1000
1764298974698,TSLA,SELL,LIMIT,149.36,1000,851,1023
1764298974754,TSLA,SELL,LIMIT,149.44,100,852,1092
1764298974845,TSLA,SELL,LIMIT,149.38,200,853,1058
1764298974866,TSLA,SELL,LIMIT,149.38,200,854,1093
1764298974938,TSLA,SELL,MARKET,0.0,100,855,1004
1764298975009,TSLA,BUY,MARKET,0.0,500,856,1099
1764298975045,TSLA,BUY,LIMIT,149.19,1000,857,1005
1764298975125,TSLA,SELL,LIMIT,149.39,200,858,1091
1764298975146,TSLA,BUY,LIMIT,149.26,100,859,1049
1764298975162,TSLA,BUY,MARKET,0.0,5000,860,1002
1764298975234,TSLA,SELL,LIMIT,149.31,1000,861,1077
1764298975246,TSLA,SELL,LIMIT,149.39,500,862,1056
1764298975251,TSLA,SELL,LIMIT,149.37,5000,863,1052
1764298975259,TSLA,BUY,LIMIT,149.39,100,864,1074
1764298975330,TSLA,BUY,LIMIT,149.37,1000,865,1095
1764298975355,TSLA,BUY,LIMIT,149.39,5000,866,1023
1764298975432,TSLA,SELL,LIMIT,149.49,1000,867,1041
1764298975468,TSLA,SELL,LIMIT,149.42,1000,868,1023
1764298975478,TSLA,BUY,MARKET,0.0,100,869,1072
1764298975560,TSLA,BUY,LIMIT,149.35,100,870,1086
1764298975577,TSLA,SELL,MARKET,0.0,100,871,1052
1764298975659,TSLA,BUY,LIMIT,149.29,2000,872,1027
1764298975670,TSLA,BUY,LIMIT,149.31,200,873,1020
1764298975713,TSLA,BUY,LIMIT,149.25,2000,874,1009
1764298975748,TSLA,BUY,LIMIT,149.27,500,875,1014
1764298975767,TSLA,SELL,MARKET,0.0,100,876,1091
1764298975861,TSLA,SELL,LIMIT,149.4,200,877,1091
1764298975871,TSLA,BUY,LIMIT,149.26,1000,878,1005
1764298975935,TSLA,SELL,LIMIT,149.3,200,879,1062
1764298975940,TSLA,BUY,LIMIT,149.17,100,880,1034
1764298975997,TSLA,SELL,LIMIT,149.21,1000,881,1046
1764298976080,TSLA,BUY,LIMIT,149.15,200,882,1003
1764298976127,TSLA,SELL,LIMIT,149.21,1000,883,1067
1764298976186,TSLA,BUY,MARKET,0.0,100,884,1077
1764298976191,TSLA,BUY,LIMIT,148.99,500,885,1056
1764298976196,TSLA,BUY,MARKET,0.0,500,886,1072
1764298976286,TSLA,BUY,LIMIT,149.11,100,887,1009
1764298976368,TSLA,SELL,LIMIT,149.16,5000,888,1047
1764298976455,TSLA,SELL,LIMIT,149.25,5000,889,1036
1764298976481,TSLA,SELL,LIMIT,149.19,200,890,1051
1764298976486,TSLA,SELL,MARKET,0.0,2000,891,1075
1764298976498,TSLA,SELL,MARKET,0.0,5000,892,1058
1764298976584,TSLA,SELL,LIMIT,149.16,200,893,1008
1764298976606,TSLA,SELL,LIMIT,149.17,1000,894,1097
1764298976635,TSLA,SELL,LIMIT,149.11,2000,895,1021
1764298976679,TSLA,SELL,MARKET,0.0,1000,896,1050
1764298976769,TSLA,BUY,LIMIT,149.02,1000,897,1007
1764298976791,TSLA,BUY,LIMIT,148.96,5000,898,1048
1764298976808,TSLA,SELL,LIMIT,149.07,5000,899,1084
1764298976901,TSLA,SELL,LIMIT,149.1,100,900,1004
1764298976964,TSLA,BUY,MARKET,0.0,1000,901,1079
1764298976998,TSLA,SELL,LIMIT,149.19,2000,902,1036
1764298977054,TSLA,BUY,LIMIT,149.09,2000,903,1016
1764298977128,TSLA,SELL,LIMIT,149.23,100,904,1046
1764298977135,TSLA,SELL,LIMIT,149.2,1000,905,1040
1764298977153,TSLA,BUY,LIMIT,149.05,500,906,1015
1764298977169,TSLA,SELL,MARKET,0.0,2000,907,1003
1764298977177,TSLA,SELL,LIMIT,149.13,100,908,1037
1764298977210,TSLA,SELL,LIMIT,149.05,1000,909,1017
1764298977213,TSLA,SELL,LIMIT,148.99,500,910,1094
1764298977270,TSLA,BUY,LIMIT,148.8,5000,911,1017
1764298977283,TSLA,SELL,MARKET,0.0,500,912,1050
1764298977342,TSLA,SELL,LIMIT,148.84,5000,913,1072
1764298977403,TSLA,BUY,LIMIT,148.65,200,914,1058
1764298977417,TSLA,BUY,LIMIT,148.66,500,915,1094
1764298977463,TSLA,BUY,LIMIT,148.59,2000,916,1026
1764298977511,TSLA,BUY,LIMIT,148.54,1000,917,1084
1764298977563,TSLA,SELL,LIMIT,148.52,100,918,1043
1764298977604,TSLA,SELL,LIMIT,148.52,5000,919,1010
1764298977671,TSLA,SELL,LIMIT,148.54,500,920,1094
1764298977721,TSLA,BUY,MARKET,0.0,100,921,1088
1764298977735,TSLA,BUY,MARKET,0.0,500,922,1096
1764298977737,TSLA,SELL,LIMIT,148.42,2000,923,1040
1764298977810,TSLA,SELL,MARKET,0.0,5000,924,1050
1764298977890,TSLA,SELL,MARKET,0.0,5000,925,1016
1764298977921,TSLA,SELL,LIMIT,148.52,500,926,1020
1764298978017,TSLA,SELL,MARKET,0.0,200,927,1012
1764298978061,TSLA,BUY,LIMIT,148.34,5000,928,1038
1764298978071,TSLA,BUY,MARKET,0.0,100,929,1091
1764298978110,TSLA,SELL,LIMIT,148.49,200,930,1001
1764298978147,TSLA,SELL,LIMIT,148.38,200,931,1004
1764298978210,TSLA,BUY,LIMIT,148.21,500,932,1055
1764298978221,TSLA,SELL,LIMIT,148.26,100,933,1013
1764298978284,TSLA,SELL,LIMIT,148.39,500,934,1021
1764298978351,TSLA,SELL,LIMIT,148.37,500,935,1045
1764298978355,TSLA,SELL,MARKET,0.0,100,936,1002
1764298978370,TSLA,SELL,LIMIT,148.32,1000,937,1044
1764298978390,TSLA,SELL,MARKET,0.0,2000,938,1017
1764298978447,TSLA,SELL,LIMIT,148.36,5000,939,1072
1764298978505,TSLA,BUY,LIMIT,148.21,2000,940,1015
1764298978519,TSLA,BUY,LIMIT,148.26,5000,941,1025
1764298978543,TSLA,BUY,LIMIT,148.26,5000,942,1019
1764298978559,TSLA,SELL,LIMIT,148.29,1000,943,1071
1764298978643,TSLA,BUY,LIMIT,148.2,500,944,1056
1764298978729,TSLA,BUY,LIMIT,148.19,2000,945,1050
1764298978735,TSLA,BUY,LIMIT,148.1,1000,946,1030
1764298978800,TSLA,SELL,MARKET,0.0,200,947,1066
1764298978868,TSLA,BUY,LIMIT,148.11,2000,948,1062
1764298978924,TSLA,BUY,LIMIT,148.07,2000,949,1050
1764298978937,TSLA,SELL,LIMIT,148.19,500,950,1033
1764298978973,TSLA,BUY,MARKET,0.0,1000,951,1095
1764298978982,TSLA,SELL,LIMIT,148.25,1000,952,1037
1764298979036,TSLA,SELL,LIMIT,148.16,200,953,1079
1764298979074,TSLA,SELL,LIMIT,148.26,1000,954,1077
1764298979134,TSLA,BUY,LIMIT,148.03,2000,955,1061
1764298979206,TSLA,SELL,LIMIT,148.08,100,956,1045
1764298979259,TSLA,BUY,LIMIT,148.09,1000,957,1012
1764298979299,TSLA,BUY,LIMIT,148.04,1000,958,1062
1764298979375,TSLA,SELL,LIMIT,148.19,200,959,1024
1764298979445,TSLA,SELL,LIMIT,148.25,100,960,1003
1764298979462,TSLA,BUY,MARKET,0.0,2000,961,1021
1764298979486,TSLA,SELL,LIMIT,148.04,200,962,1052
1764298979541,TSLA,BUY,MARKET,0.0,5000,963,1082
1764298979551,TSLA,BUY,MARKET,0.0,2000,964,1030
1764298979586,TSLA,BUY,LIMIT,148.05,200,965,1006
1764298979663,TSLA,BUY,LIMIT,148.02,5000,966,1100
1764298979669,TSLA,SELL,LIMIT,148.17,1000,967,1066
1764298979762,TSLA,SELL,MARKET,0.0,5000,968,1087
1764298979795,TSLA,BUY,LIMIT,148.2,2000,969,1074
1764298979886,TSLA,BUY,LIMIT,148.21,2000,970,1005
1764298979908,TSLA,SELL,LIMIT,148.3,5000,971,1039
1764298979980,TSLA,SELL,LIMIT,148.24,2000,972,1001
1764298980080,TSLA,BUY,MARKET,0.0,2000,973,1025
1764298980105,TSLA,BUY,LIMIT,148.15,500,974,1036
1764298980116,TSLA,BUY,MARKET,0.0,100,975,1036
1764298980146,TSLA,BUY,MARKET,0.0,1000,976,1013
1764298980152,TSLA,SELL,MARKET,0.0,500,977,1081
1764298980163,TSLA,SELL,LIMIT,148.39,500,978,1071
1764298980168,TSLA,SELL,LIMIT,148.37,2000,979,1012
1764298980263,TSLA,SELL,LIMIT,148.33,100,980,1003
1764298980272,TSLA,SELL,LIMIT,148.37,100,981,1061
1764298980355,TSLA,BUY,LIMIT,148.21,200,982,1031
1764298980425,TSLA,BUY,LIMIT,148.26,100,983,1015
1764298980525,TSLA,BUY,LIMIT,148.21,5000,984,1010
1764298980536,TSLA,SELL,LIMIT,148.35,5000,985,1067
1764298980630,TSLA,BUY,MARKET,0.0,1000,986,1098
1764298980631,TSLA,BUY,MARKET,0.0,5000,987,1082
1764298980704,TSLA,SELL,LIMIT,148.33,100,988,1008
1764298980777,TSLA,BUY,LIMIT,148.28,5000,989,1054
1764298980862,TSLA,SELL,LIMIT,148.33,100,990,1083
1764298980882,TSLA,BUY,MARKET,0.0,500,991,1042
1764298980905,TSLA,BUY,LIMIT,148.19,5000,992,1093
1764298980946,TSLA,SELL,LIMIT,148.41,500,993,1070
1764298981039,TSLA,BUY,LIMIT,148.26,5000,994,1013
1764298981096,TSLA,SELL,LIMIT,148.41,2000,995,1015
1764298981126,TSLA,SELL,LIMIT,148.29,1000,996,1026
1764298981163,TSLA,BUY,LIMIT,148.3,2000,997,1034
1764298981256,TSLA,BUY,MARKET,0.0,200,998,1009
1764298981309,TSLA,SELL,MARKET,0.0,100,999,1099
1764298981377,TSLA,BUY,LIMIT,148.42,500,1000,1043
1764298981382,TSLA,SELL,LIMIT,148.47,5000,1001,1085
1764298981471,TSLA,BUY,LIMIT,148.37,1000,1002,1077
1764298981508,TSLA,BUY,LIMIT,148.29,500,1003,1027
1764298981538,TSLA,BUY,LIMIT,148.36,2000,1004,1024
1764298981621,TSLA,BUY,LIMIT,148.35,200,1005,1051
1764298981673,TSLA,BUY,LIMIT,148.17,2000,1006,1100
1764298981735,TSLA,SELL,LIMIT,148.33,100,1007,1080
1764298981748,TSLA,SELL,LIMIT,148.29,5000,1008,1068
1764298981834,TSLA,BUY,LIMIT,148.08,500,1009,1094
1764298981912,TSLA,BUY,LIMIT,148.12,1000,1010,1019
1764298981973,TSLA,BUY,MARKET,0.0,1000,1011,1065
1764298982014,TSLA,BUY,LIMIT,148.08,100,1012,1003
1764298982100,TSLA,BUY,LIMIT,148.12,200,1013,1096
1764298982158,TSLA,SELL,LIMIT,148.18,1000,1014,1095
1764298982192,TSLA,BUY,LIMIT,148.18,5000,1015,1076
1764298982247,TSLA,BUY,MARKET,0.0,500,1016,1039
1764298982339,TSLA,BUY,MARKET,0.0,1000,1017,1061
1764298982344,TSLA,SELL,LIMIT,148.42,200,1018,1046
1764298982429,TSLA,SELL,MARKET,0.0,500,1019,1044
1764298982523,TSLA,SELL,MARKET,0.0,2000,1020,1061
1764298982618,TSLA,BUY,LIMIT,148.27,500,1021,1028
1764298982637,TSLA,BUY,LIMIT,148.29,500,1022,1061
1764298982706,TSLA,BUY,LIMIT,148.26,500,1023,1004
1764298982788,TSLA,SELL,LIMIT,148.32,200,1024,1015
1764298982824,TSLA,SELL,LIMIT,148.25,200,1025,1025
1764298982907,TSLA,SELL,LIMIT,148.27,5000,1026,1041
1764298982979,TSLA,SELL,LIMIT,148.41,1000,1027,1052
1764298982994,TSLA,BUY,LIMIT,148.31,5000,1028,1003
1764298983013,TSLA,SELL,LIMIT,148.39,500,1029,1023
1764298983021,TSLA,BUY,LIMIT,148.34,5000,1030,1062
1764298983106,TSLA,SELL,LIMIT,148.41,100,1031,1081
1764298983149,TSLA,BUY,LIMIT,148.34,1000,1032,1036
1764298983230,TSLA,BUY,LIMIT,148.4,1000,1033,1060
1764298983259,TSLA,SELL,LIMIT,148.47,500,1034,1000
1764298983359,TSLA,BUY,LIMIT,148.33,2000,1035,1038
1764298983365,TSLA,SELL,LIMIT,148.46,2000,1036,1025
1764298983445,TSLA,SELL,LIMIT,148.43,2000,1037,1004
1764298983510,TSLA,SELL,LIMIT,148.42,200,1038,1014
1764298983546,TSLA,BUY,LIMIT,148.37,2000,1039,1009
1764298983574,TSLA,BUY,LIMIT,148.26,5000,1040,1077
1764298983599,TSLA,BUY,LIMIT,148.2,5000,1041,1060
1764298983698,TSLA,BUY,MARKET,0.0,100,1042,1069
1764298983742,TSLA,SELL,LIMIT,148.31,2000,1043,1057
1764298983797,TSLA,BUY,LIMIT,148.36,200,1044,1055
1764298983847,TSLA,BUY,MARKET,0.0,500,1045,1076
1764298983850,TSLA,BUY,LIMIT,148.21,5000,1046,1067
1764298983933,TSLA,BUY,LIMIT,148.25,500,1047,1053
1764298983947,TSLA,BUY,LIMIT,148.34,500,1048,1076
1764298983985,TSLA,BUY,LIMIT,148.34,200,1049,1091
1764298984033,TSLA,BUY,MARKET,0.0,200,1050,1013
1764298984040,TSLA,SELL,LIMIT,148.34,2000,1051,1074
1764298984093,TSLA,BUY,LIMIT,148.32,1000,1052,1075
1764298984150,TSLA,BUY,LIMIT,148.2,200,1053,1023
1764298984201,TSLA,SELL,MARKET,0.0,200,1054,1049
1764298984279,TSLA,SELL,MARKET,0.0,5000,1055,1072
1764298984280,TSLA,SELL,LIMIT,148.37,200,1056,1011
1764298984325,TSLA,BUY,LIMIT,148.14,200,1057,1028
1764298984333,TSLA,SELL,LIMIT,148.34,2000,1058,1042
1764298984372,TSLA,BUY,LIMIT,148.26,2000,1059,1032
1764298984460,TSLA,SELL,LIMIT,148.3,2000,1060,1040
1764298984474,TSLA,BUY,LIMIT,148.16,200,1061,1090
1764298984558,TSLA,SELL,LIMIT,148.26,500,1062,1014
1764298984638,TSLA,BUY,LIMIT,148.06,500,1063,1050
1764298984681,TSLA,SELL,LIMIT,148.3,1000,1064,1066
1764298984755,TSLA,BUY,LIMIT,148.22,1000,1065,1039
1764298984847,TSLA,BUY,MARKET,0.0,200,1066,1011
1764298984897,TSLA,SELL,LIMIT,148.26,2000,1067,1078
1764298984983,TSLA,SELL,MARKET,0.0,2000,1068,1027
1764298985061,TSLA,SELL,MARKET,0.0,200,1069,1098
1764298985158,TSLA,BUY,LIMIT,148.14,5000,1070,1071
1764298985179,TSLA,SELL,LIMIT,148.15,200,1071,1069
1764298985248,TSLA,BUY,LIMIT,148.06,1000,1072,1099
1764298985288,TSLA,SELL,LIMIT,148.16,5000,1073,1081
1764298985335,TSLA,BUY,LIMIT,148.08,200,1074,1022
1764298985395,TSLA,BUY,LIMIT,147.99,1000,1075,1046
1764298985477,TSLA,SELL,LIMIT,148.21,5000,1076,1020
1764298985558,TSLA,BUY,MARKET,0.0,1000,1077,1044
1764298985565,TSLA,BUY,LIMIT,148.09,1000,1078,1031
1764298985589,TSLA,BUY,MARKET,0.0,100,1079,1058
1764298985658,TSLA,SELL,LIMIT,148.32,2000,1080,1086
1764298985661,TSLA,BUY,LIMIT,148.17,100,1081,1058
1764298985688,TSLA,BUY,LIMIT,148.23,1000,1082,1035
1764298985756,TSLA,BUY,LIMIT,148.3,100,1083,1042
1764298985768,TSLA,SELL,LIMIT,148.44,2000,1084,1090
1764298985834,TSLA,SELL,LIMIT,148.35,100,1085,1002
1764298985850,TSLA,SELL,LIMIT,148.41,500,1086,1005
1764298985886,TSLA,BUY,LIMIT,148.46,200,1087,1059
1764298985959,TSLA,SELL,MARKET,0.0,100,1088,1012
1764298986043,TSLA,BUY,LIMIT,148.41,500,1089,1089
1764298986110,TSLA,SELL,LIMIT,148.49,2000,1090,1023
1764298986152,TSLA,BUY,LIMIT,148.46,5000,1091,1099
1764298986179,TSLA,BUY,MARKET,0.0,1000,1092,1018
1764298986227,TSLA,SELL,LIMIT,148.51,200,1093,1058
1764298986254,TSLA,SELL,LIMIT,148.58,2000,1094,1087
1764298986264,TSLA,SELL,LIMIT,148.53,5000,1095,1082
1764298986325,TSLA,BUY,LIMIT,148.49,100,1096,1083
1764298986362,TSLA,BUY,LIMIT,148.44,100,1097,1082
1764298986429,TSLA,SELL,MARKET,0.0,2000,1098,1085
1764298986519,TSLA,SELL,MARKET,0.0,5000,1099,1007
1764298986551,TSLA,SELL,LIMIT,148.6,500,1100,1067
1764298986587,TSLA,SELL,LIMIT,148.65,2000,1101,1008
1764298986668,TSLA,SELL,LIMIT,148.66,200,1102,1004
1764298986758,TSLA,BUY,LIMIT,148.46,500,1103,1057
1764298986849,TSLA,BUY,LIMIT,148.35,200,1104,1071
1764298986879,TSLA,BUY,LIMIT,148.43,100,1105,1058
1764298986976,TSLA,SELL,LIMIT,148.45,5000,1106,1061
1764298987028,TSLA,SELL,LIMIT,148.42,100,1107,1000
1764298987084,TSLA,SELL,LIMIT,148.46,5000,1108,1034
1764298987140,TSLA,SELL,LIMIT,148.53,200,1109,1034
1764298987213,TSLA,SELL,MARKET,0.0,200,1110,1058
1764298987300,TSLA,BUY,MARKET,0.0,2000,1111,1004
1764298987397,TSLA,BUY,LIMIT,148.62,200,1112,1025
1764298987402,TSLA,SELL,LIMIT,148.6,200,1113,1084
1764298987479,TSLA,SELL,LIMIT,148.71,100,1114,1039
1764298987576,TSLA,SELL,LIMIT,148.77,1000,1115,1090
1764298987645,TSLA,BUY,MARKET,0.0,2000,1116,1021
1764298987713,TSLA,BUY,LIMIT,148.57,500,1117,1073
1764298987771,TSLA,BUY,LIMIT,148.54,500,1118,1062
1764298987775,TSLA,BUY,LIMIT,148.66,2000,1119,1024
1764298987823,TSLA,BUY,LIMIT,148.68,5000,1120,1070
1764298987826,TSLA,SELL,LIMIT,148.82,1000,1121,1058
1764298987849,TSLA,BUY,LIMIT,148.76,100,1122,1075
1764298987928,TSLA,SELL,LIMIT,148.81,1000,1123,1053
1764298987944,TSLA,SELL,LIMIT,148.86,1000,1124,1085
1764298987982,TSLA,SELL,LIMIT,148.86,1000,1125,1065
1764298988051,TSLA,SELL,LIMIT,148.91,2000,1126,1094
1764298988068,TSLA,BUY,MARKET,0.0,2000,1127,1012
1764298988083,TSLA,SELL,LIMIT,148.75,1000,1128,1020
1764298988167,TSLA,SELL,LIMIT,148.64,1000,1129,1027
1764298988217,TSLA,BUY,LIMIT,148.55,5000,1130,1081
1764298988284,TSLA,BUY,LIMIT,148.58,1000,1131,1084
1764298988362,TSLA,BUY,LIMIT,148.54,500,1132,1004
1764298988457,TSLA,SELL,LIMIT,148.59,500,1133,1025
1764298988489,TSLA,SELL,LIMIT,148.65,100,1134,1097
1764298988520,TSLA,BUY,LIMIT,148.55,200,1135,1019
1764298988524,TSLA,SELL,LIMIT,148.6,100,1136,1095
1764298988594,TSLA,SELL,MARKET,0.0,2000,1137,1024
1764298988686,TSLA,SELL,LIMIT,148.53,1000,1138,1074
1764298988732,TSLA,SELL,MARKET,0.0,1000,1139,1099
1764298988778,TSLA,SELL,LIMIT,148.55,500,1140,1042
1764298988804,TSLA,BUY,LIMIT,148.48,2000,1141,1031
1764298988865,TSLA,SELL,LIMIT,148.64,100,1142,1090
1764298988922,TSLA,SELL,MARKET,0.0,5000,1143,1018
1764298988990,TSLA,BUY,LIMIT,148.41,100,1144,1092
1764298989066,TSLA,SELL,LIMIT,148.39,1000,1145,1008
1764298989078,TSLA,SELL,MARKET,0.0,2000,1146,1039
1764298989159,TSLA,BUY,MARKET,0.0,2000,1147,1024
1764298989186,TSLA,SELL,LIMIT,148.42,5000,1148,1045
1764298989271,TSLA,SELL,LIMIT,148.39,200,1149,1014
1764298989272,TSLA,SELL,LIMIT,148.3,100,1150,1094
1764298989294,TSLA,SELL,MARKET,0.0,100,1151,1048
1764298989322,TSLA,SELL,LIMIT,148.34,500,1152,1019
1764298989404,TSLA,BUY,LIMIT,148.28,1000,1153,1020
1764298989465,TSLA,BUY,LIMIT,148.25,500,1154,1036
1764298989484,TSLA,SELL,MARKET,0.0,1000,1155,1096
1764298989501,TSLA,BUY,LIMIT,148.22,100,1156,1073
1764298989596,TSLA,SELL,LIMIT,148.28,500,1157,1022
1764298989668,TSLA,BUY,LIMIT,148.14,100,1158,1035
1764298989693,TSLA,BUY,LIMIT,148.13,5000,1159,1058
1764298989710,TSLA,SELL,MARKET,0.0,200,1160,1009
1764298989730,TSLA,BUY,LIMIT,148.26,500,1161,1052
1764298989791,TSLA,BUY,LIMIT,148.35,5000,1162,1002
1764298989806,TSLA,SELL,LIMIT,148.31,1000,1163,1044
1764298989833,TSLA,SELL,LIMIT,148.3,2000,1164,1099
1764298989861,TSLA,SELL,MARKET,0.0,200,1165,1097
1764298989900,TSLA,SELL,LIMIT,148.4,2000,1166,1091
1764298989998,TSLA,SELL,LIMIT,148.38,1000,1167,1028
1764298990032,TSLA,SELL,MARKET,0.0,1000,1168,1068
1764298990048,TSLA,BUY,MARKET,0.0,500,1169,1023
1764298990107,TSLA,SELL,LIMIT,148.29,200,1170,1026
1764298990159,TSLA,SELL,LIMIT,148.21,200,1171,1095
1764298990214,TSLA,SELL,LIMIT,148.21,2000,1172,1018
1764298990233,TSLA,BUY,LIMIT,148.0,500,1173,1021
1764298990274,TSLA,SELL,LIMIT,148.14,1000,1174,1023
1764298990337,TSLA,SELL,MARKET,0.0,500,1175,1066
1764298990357,TSLA,SELL,MARKET,0.0,5000,1176,1011
1764298990413,TSLA,SELL,LIMIT,148.23,200,1177,1012
1764298990482,TSLA,SELL,MARKET,0.0,100,1178,1069
1764298990516,TSLA,BUY,LIMIT,148.13,500,1179,1050
1764298990603,TSLA,BUY,LIMIT,148.03,200,1180,1074
1764298990664,TSLA,BUY,LIMIT,147.91,1000,1181,1045
1764298990693,TSLA,BUY,MARKET,0.0,2000,1182,1070
1764298990760,TSLA,BUY,LIMIT,147.96,200,1183,1059
1764298990812,TSLA,SELL,LIMIT,148.17,200,1184,1080
1764298990911,TSLA,BUY,LIMIT,148.0,5000,1185,1010
1764298991000,TSLA,BUY,LIMIT,147.97,2000,1186,1035
1764298991056,TSLA,SELL,LIMIT,147.99,100,1187,1078
1764298991140,TSLA,BUY,LIMIT,148.03,100,1188,1099
1764298991191,TSLA,BUY,MARKET,0.0,100,1189,1088
1764298991275,TSLA,SELL,LIMIT,148.05,200,1190,1076
1764298991280,TSLA,SELL,LIMIT,148.0,200,1191,1024
1764298991374,TSLA,SELL,LIMIT,148.05,100,1192,1028
1764298991456,TSLA,SELL,LIMIT,147.97,500,1193,1088
1764298991527,TSLA,SELL,LIMIT,147.91,5000,1194,1079
1764298991589,TSLA,BUY,LIMIT,147.83,1000,1195,1025
1764298991635,TSLA,BUY,LIMIT,147.79,100,1196,1075
1764298991702,TSLA,BUY,LIMIT,147.87,2000,1197,1006
1764298991787,TSLA,BUY,MARKET,0.0,2000,1198,1032
1764298991817,TSLA,SELL,LIMIT,148.08,1000,1199,1041
1764298991872,TSLA,SELL,LIMIT,148.08,5000,1200,1042
1764298991931,TSLA,BUY,LIMIT,147.9,100,1201,1029
1764298992005,TSLA,BUY,LIMIT,147.89,200,1202,1016
1764298992042,TSLA,SELL,LIMIT,147.94,5000,1203,1008
1764298992122,TSLA,SELL,LIMIT,147.96,2000,1204,1007
1764298992134,TSLA,BUY,MARKET,0.0,2000,1205,1075
1764298992197,TSLA,SELL,LIMIT,148.01,1000,1206,1022
1764298992241,TSLA,BUY,LIMIT,147.96,1000,1207,1013
1764298992259,TSLA,SELL,LIMIT,148.02,5000,1208,1041
1764298992356,TSLA,BUY,LIMIT,147.89,1000,1209,1026
1764298992396,TSLA,SELL,LIMIT,147.96,1000,1210,1047
1764298992422,TSLA,BUY,LIMIT,147.84,2000,1211,1009
1764298992430,TSLA,BUY,LIMIT,147.87,500,1212,1002
1764298992485,TSLA,BUY,MARKET,0.0,100,1213,1057
1764298992542,TSLA,SELL,MARKET,0.0,1000,1214,1004
1764298992553,TSLA,BUY,LIMIT,147.92,1000,1215,1086
1764298992615,TSLA,SELL,LIMIT,148.01,200,1216,1092
1764298992676,TSLA,BUY,LIMIT,147.9,200,1217,1087
1764298992773,TSLA,SELL,LIMIT,148.13,200,1218,1005
1764298992788,TSLA,BUY,LIMIT,147.93,5000,1219,1067
1764298992842,TSLA,BUY,LIMIT,148.02,500,1220,1031
1764298992938,TSLA,SELL,LIMIT,148.1,2000,1221,1085
1764298993022,TSLA,BUY,LIMIT,147.95,100,1222,1093
1764298993057,TSLA,BUY,MARKET,0.0,1000,1223,1025
1764298993121,TSLA,BUY,LIMIT,147.96,2000,1224,1022
1764298993194,TSLA,BUY,LIMIT,148.07,2000,1225,1034
1764298993229,TSLA,BUY,LIMIT,148.0,2000,1226,1024
1764298993264,TSLA,SELL,MARKET,0.0,200,1227,1014
1764298993336,TSLA,BUY,LIMIT,148.09,100,1228,1041
1764298993385,TSLA,BUY,LIMIT,148.01,1000,1229,1097
1764298993393,TSLA,SELL,LIMIT,148.17,100,1230,1007
1764298993460,TSLA,BUY,MARKET,0.0,100,1231,1054
1764298993550,TSLA,SELL,MARKET,0.0,5000,1232,1005
1764298993616,TSLA,SELL,LIMIT,148.24,1000,1233,1027
1764298993713,TSLA,BUY,MARKET,0.0,100,1234,1082
1764298993771,TSLA,SELL,LIMIT,148.37,1000,1235,1047
1764298993807,TSLA,SELL,MARKET,0.0,200,1236,1087
1764298993845,TSLA,BUY,MARKET,0.0,5000,1237,1028
1764298993881,TSLA,BUY,LIMIT,148.2,200,1238,1068
1764298993914,TSLA,BUY,LIMIT,148.19,100,1239,1052
1764298993976,TSLA,BUY,MARKET,0.0,500,1240,1086
1764298993996,TSLA,BUY,LIMIT,148.16,500,1241,1050
1764298994082,TSLA,BUY,LIMIT,148.27,100,1242,1057
1764298994136,TSLA,SELL,LIMIT,148.29,500,1243,1054
1764298994138,TSLA,BUY,LIMIT,148.27,1000,1244,1065
1764298994216,TSLA,BUY,LIMIT,148.24,5000,1245,1046
1764298994274,TSLA,SELL,LIMIT,148.41,2000,1246,1030
1764298994293,TSLA,BUY,LIMIT,148.26,200,1247,1061
1764298994371,TSLA,SELL,MARKET,0.0,5000,1248,1028
1764298994405,TSLA,SELL,LIMIT,148.42,5000,1249,1026
1764298994452,TSLA,SELL,LIMIT,148.44,5000,1250,1005
1764298994544,TSLA,SELL,LIMIT,148.51,5000,1251,1077
1764298994638,TSLA,BUY,MARKET,0.0,100,1252,1045
1764298994648,TSLA,BUY,MARKET,0.0,200,1253,1099
1764298994679,TSLA,BUY,LIMIT,148.35,500,1254,1048
1764298994683,TSLA,SELL,LIMIT,148.41,5000,1255,1017
1764298994771,TSLA,SELL,MARKET,0.0,500,1256,1071
1764298994834,TSLA,SELL,LIMIT,148.39,500,1257,1072
1764298994864,TSLA,BUY,LIMIT,148.27,2000,1258,1002
1764298994910,TSLA,BUY,LIMIT,148.33,5000,1259,1089
1764298994985,TSLA,SELL,LIMIT,148.4,1000,1260,1006
1764298995001,TSLA,BUY,LIMIT,148.33,5000,1261,1041
1764298995078,TSLA,BUY,LIMIT,148.33,200,1262,1064
1764298995139,TSLA,SELL,MARKET,0.0,1000,1263,1083
1764298995155,TSLA,BUY,LIMIT,148.2,2000,1264,1062
1764298995220,TSLA,BUY,LIMIT,148.16,200,1265,1078
1764298995309,TSLA,SELL,LIMIT,148.28,1000,1266,1047
1764298995319,TSLA,BUY,LIMIT,148.17,100,1267,1008
1764298995321,TSLA,BUY,LIMIT,148.04,100,1268,1039
1764298995404,TSLA,SELL,LIMIT,148.27,200,1269,1083
1764298995427,TSLA,BUY,LIMIT,148.14,5000,1270,1003
1764298995466,TSLA,BUY,MARKET,0.0,2000,1271,1070
1764298995477,TSLA,SELL,LIMIT,148.33,500,1272,1088
1764298995577,TSLA,SELL,LIMIT,148.25,1000,1273,1077
1764298995578,TSLA,SELL,LIMIT,148.18,1000,1274,1034
1764298995665,TSLA,BUY,MARKET,0.0,500,1275,1033
1764298995747,TSLA,BUY,LIMIT,148.15,500,1276,1024
1764298995825,TSLA,BUY,MARKET,0.0,200,1277,1015
1764298995925,TSLA,SELL,LIMIT,148.34,100,1278,1008
1764298996016,TSLA,BUY,LIMIT,148.28,100,1279,1022
1764298996109,TSLA,SELL,LIMIT,148.44,5000,1280,1073
1764298996183,TSLA,BUY,LIMIT,148.41,1000,1281,1011
1764298996223,TSLA,BUY,LIMIT,148.46,5000,1282,1044
1764298996271,TSLA,SELL,LIMIT,148.6,100,1283,1039
1764298996304,TSLA,BUY,LIMIT,148.52,500,1284,1029
1764298996385,TSLA,BUY,LIMIT,148.61,5000,1285,1025
1764298996399,TSLA,SELL,LIMIT,148.75,500,1286,1008
1764298996425,TSLA,SELL,MARKET,0.0,5000,1287,1100
1764298996463,TSLA,BUY,MARKET,0.0,2000,1288,1085
1764298996531,TSLA,SELL,LIMIT,148.92,5000,1289,1048
1764298996551,TSLA,SELL,LIMIT,149.0,1000,1290,1081
1764298996555,TSLA,SELL,MARKET,0.0,200,1291,1095
1764298996614,TSLA,SELL,LIMIT,149.05,200,1292,1099
1764298996645,TSLA,BUY,LIMIT,148.88,5000,1293,1050
1764298996721,TSLA,BUY,LIMIT,148.81,2000,1294,1040
1764298996742,TSLA,SELL,LIMIT,149.03,2000,1295,1039
1764298996764,TSLA,BUY,LIMIT,148.98,1000,1296,1050
1764298996839,TSLA,BUY,MARKET,0.0,2000,1297,1031
1764298996932,TSLA,BUY,LIMIT,148.87,5000,1298,1050
1764298996966,TSLA,SELL,MARKET,0.0,2000,1299,1055
1764298997002,TSLA,SELL,LIMIT,149.01,200,1300,1078
1764298997012,TSLA,BUY,LIMIT,148.96,1000,1301,1048
1764298997107,TSLA,SELL,LIMIT,149.16,200,1302,1011
1764298997194,TSLA,SELL,MARKET,0.0,500,1303,1095
1764298997279,TSLA,BUY,MARKET,0.0,5000,1304,1060
1764298997377,TSLA,SELL,LIMIT,149.18,2000,1305,1098
1764298997412,TSLA,SELL,LIMIT,149.12,100,1306,1056
1764298997493,TSLA,SELL,LIMIT,149.13,100,1307,1023
1764298997514,TSLA,SELL,MARKET,0.0,200,1308,1094
1764298997558,TSLA,BUY,LIMIT,149.15,500,1309,1014
1764298997597,TSLA,BUY,LIMIT,149.24,500,1310,1014
1764298997656,TSLA,BUY,LIMIT,149.28,100,1311,1049
1764298997665,TSLA,SELL,LIMIT,149.42,1000,1312,1066
1764298997759,TSLA,BUY,LIMIT,149.33,200,1313,1061
1764298997760,TSLA,BUY,MARKET,0.0,500,1314,1006
1764298997813,TSLA,BUY,LIMIT,149.33,500,1315,1052
1764298997855,TSLA,BUY,LIMIT,149.39,2000,1316,1049
1764298997868,TSLA,BUY,MARKET,0.0,200,1317,1040
1764298997873,TSLA,SELL,LIMIT,149.48,200,1318,1055
1764298997962,TSLA,SELL,LIMIT,149.59,500,1319,1020
1764298998007,TSLA,BUY,LIMIT,149.38,200,1320,1043
1764298998047,TSLA,BUY,MARKET,0.0,100,1321,1068
1764298998053,TSLA,BUY,LIMIT,149.51,500,1322,1002
1764298998059,TSLA,BUY,LIMIT,149.44,1000,1323,1038
1764298998084,TSLA,BUY,LIMIT,149.41,100,1324,1064
1764298998178,TSLA,BUY,LIMIT,149.51,5000,1325,1085
1764298998207,TSLA,SELL,LIMIT,149.54,200,1326,1038
1764298998254,TSLA,SELL,MARKET,0.0,5000,1327,1065
1764298998340,TSLA,SELL,LIMIT,149.68,200,1328,1018
1764298998352,TSLA,SELL,MARKET,0.0,2000,1329,1046
1764298998357,TSLA,SELL,LIMIT,149.75,2000,1330,1075
1764298998397,TSLA,SELL,LIMIT,149.64,5000,1331,1072
1764298998474,TSLA,SELL,LIMIT,149.7,2000,1332,1096
1764298998567,TSLA,SELL,LIMIT,149.74,100,1333,1092
1764298998628,TSLA,BUY,LIMIT,149.68,1000,1334,1085
1764298998719,TSLA,SELL,LIMIT,149.77,2000,1335,1055
1764298998725,TSLA,SELL,LIMIT,149.69,100,1336,1090
1764298998764,TSLA,BUY,LIMIT,149.46,5000,1337,1023
1764298998774,TSLA,BUY,LIMIT,149.54,200,1338,1048
1764298998854,TSLA,BUY,LIMIT,149.4,1000,1339,1055
1764298998913,TSLA,SELL,LIMIT,149.52,5000,1340,1043
1764298998958,TSLA,BUY,LIMIT,149.36,200,1341,1069
1764298998969,TSLA,BUY,MARKET,0.0,5000,1342,1033
1764298998990,TSLA,BUY,LIMIT,149.28,200,1343,1021
1764298999020,TSLA,SELL,MARKET,0.0,1000,1344,1073
1764298999077,TSLA,BUY,LIMIT,149.38,2000,1345,1083
1764298999087,TSLA,SELL,LIMIT,149.37,1000,1346,1061
1764298999120,TSLA,SELL,LIMIT,149.28,100,1347,1060
1764298999195,TSLA,BUY,LIMIT,149.24,100,1348,1083
1764298999252,TSLA,BUY,LIMIT,149.3,500,1349,1021
1764298999324,TSLA,SELL,LIMIT,149.39,200,1350,1023
1764298999326,TSLA,BUY,LIMIT,149.32,2000,1351,1040
1764298999379,TSLA,SELL,LIMIT,149.47,5000,1352,1022
1764298999476,TSLA,BUY,MARKET,0.0,500,1353,1026
1764298999556,TSLA,BUY,LIMIT,149.53,200,1354,1097
1764298999616,TSLA,BUY,LIMIT,149.43,1000,1355,1005
1764298999641,TSLA,SELL,LIMIT,149.63,1000,1356,1093
1764298999698,TSLA,BUY,LIMIT,149.45,2000,1357,1003
1764298999795,TSLA,BUY,LIMIT,149.5,100,1358,1076
1764298999813,TSLA,SELL,LIMIT,149.58,100,1359,1006
1764298999844,TSLA,BUY,LIMIT,149.34,1000,1360,1070
1764298999879,TSLA,BUY,LIMIT,149.27,5000,1361,1054
1764298999918,TSLA,BUY,LIMIT,149.22,500,1362,1071
1764298999919,TSLA,BUY,LIMIT,149.23,1000,1363,1045
1764299000014,TSLA,SELL,LIMIT,149.2,1000,1364,1077
1764299000037,TSLA,SELL,MARKET,0.0,5000,1365,1032
1764299000083,TSLA,BUY,MARKET,0.0,5000,1366,1039
1764299000113,TSLA,BUY,LIMIT,149.17,100,1367,1047
1764299000160,TSLA,SELL,LIMIT,149.17,200,1368,1070
1764299000200,TSLA,SELL,LIMIT,149.19,500,1369,1033
1764299000266,TSLA,SELL,LIMIT,149.29,100,1370,1097
1764299000277,TSLA,BUY,LIMIT,149.12,5000,1371,1007
1764299000374,TSLA,BUY,LIMIT,149.25,100,1372,1038
1764299000473,TSLA,BUY,LIMIT,149.19,1000,1373,1017
1764299000480,TSLA,SELL,LIMIT,149.34,1000,1374,1016
1764299000505,TSLA,BUY,LIMIT,149.23,5000,1375,1024
1764299000526,TSLA,SELL,LIMIT,149.23,2000,1376,1084
1764299000599,TSLA,BUY,LIMIT,149.16,100,1377,1053
1764299000649,TSLA,SELL,LIMIT,149.24,2000,1378,1096
1764299000674,TSLA,SELL,MARKET,0.0,2000,1379,1005
1764299000764,TSLA,BUY,LIMIT,149.06,2000,1380,1087
1764299000786,TSLA,BUY,LIMIT,149.0,5000,1381,1080
1764299000792,TSLA,BUY,LIMIT,149.02,5000,1382,1032
1764299000841,TSLA,BUY,LIMIT,149.05,2000,1383,1063
1764299000925,TSLA,BUY,LIMIT,148.99,2000,1384,1054
1764299000974,TSLA,BUY,LIMIT,149.04,2000,1385,1078
1764299001065,TSLA,BUY,LIMIT,149.16,5000,1386,1095
1764299001101,TSLA,SELL,LIMIT,149.31,200,1387,1055
1764299001141,TSLA,BUY,LIMIT,149.2,2000,1388,1067
1764299001149,TSLA,BUY,LIMIT,149.11,200,1389,1096
1764299001238,TSLA,SELL,MARKET,0.0,2000,1390,1058
1764299001310,TSLA,SELL,LIMIT,149.13,5000,1391,1029
1764299001311,TSLA,SELL,LIMIT,149.11,5000,1392,1026
1764299001347,TSLA,SELL,LIMIT,149.16,100,1393,1056
1764299001381,TSLA,SELL,MARKET,0.0,2000,1394,1096
1764299001450,TSLA,BUY,LIMIT,149.06,200,1395,1072
1764299001491,TSLA,SELL,LIMIT,149.18,100,1396,1018
1764299001524,TSLA,BUY,LIMIT,149.01,200,1397,1086
1764299001550,TSLA,SELL,LIMIT,149.12,1000,1398,1008
1764299001609,TSLA,SELL,LIMIT,149.16,2000,1399,1018
1764299001698,TSLA,BUY,MARKET,0.0,2000,1400,1000
1764299001705,TSLA,SELL,LIMIT,149.12,2000,1401,1063
1764299001750,TSLA,BUY,LIMIT,149.0,200,1402,1027
1764299001767,TSLA,BUY,LIMIT,149.0,2000,1403,1054
1764299001841,TSLA,BUY,LIMIT,149.16,200,1404,1093
1764299001857,TSLA,BUY,LIMIT,149.1,100,1405,1040
1764299001902,TSLA,SELL,LIMIT,149.32,2000,1406,1098
1764299001956,TSLA,BUY,LIMIT,149.14,1000,1407,1064
1764299001974,TSLA,BUY,LIMIT,149.04,200,1408,1027
1764299001999,TSLA,BUY,LIMIT,149.01,1000,1409,1000
1764299002031,TSLA,SELL,LIMIT,149.21,2000,1410,1045
1764299002103,TSLA,SELL,LIMIT,149.25,5000,1411,1086
1764299002155,TSLA,BUY,LIMIT,149.23,1000,1412,1073
1764299002170,TSLA,SELL,LIMIT,149.24,5000,1413,1074
1764299002217,TSLA,BUY,MARKET,0.0,100,1414,1017
1764299002280,TSLA,SELL,LIMIT,149.2,200,1415,1081
1764299002334,TSLA,SELL,MARKET,0.0,500,1416,1067
1764299002380,TSLA,BUY,LIMIT,149.11,2000,1417,1090
1764299002473,TSLA,BUY,LIMIT,149.25,100,1418,1060
1764299002509,TSLA,BUY,LIMIT,149.24,100,1419,1014
1764299002606,TSLA,SELL,LIMIT,149.38,1000,1420,1059
1764299002676,TSLA,SELL,LIMIT,149.41,200,1421,1078
1764299002691,TSLA,BUY,MARKET,0.0,100,1422,1056
1764299002783,TSLA,BUY,LIMIT,149.31,100,1423,1014
1764299002816,TSLA,SELL,LIMIT,149.34,1000,1424,1096
1764299002897,TSLA,SELL,LIMIT,149.27,5000,1425,1018
1764299002961,TSLA,BUY,LIMIT,149.17,100,1426,1085
1764299003007,TSLA,BUY,LIMIT,149.15,200,1427,1031
1764299003037,TSLA,SELL,LIMIT,149.36,100,1428,1047
1764299003099,TSLA,SELL,LIMIT,149.34,5000,1429,1042
1764299003153,TSLA,BUY,MARKET,0.0,5000,1430,1017
1764299003208,TSLA,BUY,MARKET,0.0,500,1431,1066
1764299003237,TSLA,BUY,MARKET,0.0,2000,1432,1069
1764299003249,TSLA,SELL,LIMIT,149.37,1000,1433,1093
1764299003311,TSLA,SELL,LIMIT,149.23,500,1434,1076
1764299003388,TSLA,SELL,LIMIT,149.3,500,1435,1003
1764299003465,TSLA,SELL,LIMIT,149.24,5000,1436,1043
1764299003550,TSLA,SELL,LIMIT,149.38,200,1437,1019
1764299003594,TSLA,BUY,LIMIT,149.36,100,1438,1072
1764299003616,TSLA,SELL,LIMIT,149.52,200,1439,1092
1764299003673,TSLA,BUY,LIMIT,149.47,2000,1440,1038
1764299003759,TSLA,SELL,MARKET,0.0,1000,1441,1080
1764299003816,TSLA,BUY,MARKET,0.0,5000,1442,1074
1764299003845,TSLA,SELL,LIMIT,149.47,100,1443,1067
1764299003866,TSLA,BUY,LIMIT,149.39,100,1444,1083
1764299003965,TSLA,BUY,MARKET,0.0,100,1445,1092
1764299004051,TSLA,BUY,LIMIT,149.33,1000,1446,1082
1764299004141,TSLA,BUY,LIMIT,149.4,200,1447,1061
1764299004232,TSLA,SELL,MARKET,0.0,5000,1448,1000
1764299004271,TSLA,SELL,LIMIT,149.48,2000,1449,1075
1764299004305,TSLA,SELL,LIMIT,149.5,500,1450,1056
1764299004336,TSLA,SELL,LIMIT,149.56,100,1451,1073
1764299004415,TSLA,SELL,LIMIT,149.47,100,1452,1016
1764299004485,TSLA,BUY,LIMIT,149.44,2000,1453,1051
1764299004571,TSLA,SELL,LIMIT,149.65,2000,1454,1023
1764299004662,TSLA,SELL,LIMIT,149.59,5000,1455,1074
1764299004666,TSLA,SELL,MARKET,0.0,100,1456,1063
1764299004755,TSLA,SELL,LIMIT,149.62,2000,1457,1044
1764299004829,TSLA,SELL,MARKET,0.0,5000,1458,1014
1764299004855,TSLA,SELL,MARKET,0.0,2000,1459,1069
1764299004865,TSLA,BUY,LIMIT,149.44,500,1460,1055
1764299004894,TSLA,SELL,MARKET,0.0,1000,1461,1011
1764299004953,TSLA,BUY,LIMIT,149.52,200,1462,1031
1764299005049,TSLA,BUY,LIMIT,149.49,2000,1463,1079
1764299005091,TSLA,SELL,LIMIT,149.59,200,1464,1015
1764299005164,TSLA,BUY,MARKET,0.0,1000,1465,1042
1764299005194,TSLA,BUY,LIMIT,149.62,200,1466,1090
1764299005203,TSLA,SELL,LIMIT,149.74,500,1467,1081
1764299005256,TSLA,BUY,LIMIT,149.65,1000,1468,1074
1764299005296,TSLA,BUY,LIMIT,149.61,2000,1469,1046
1764299005373,TSLA,SELL,MARKET,0.0,1000,1470,1036
1764299005446,TSLA,SELL,LIMIT,149.69,100,1471,1014
1764299005492,TSLA,SELL,LIMIT,149.72,200,1472,1056
1764299005582,TSLA,BUY,LIMIT,149.61,200,1473,1062
1764299005639,TSLA,BUY,LIMIT,149.67,100,1474,1012
1764299005716,TSLA,SELL,LIMIT,149.9,100,1475,1081
1764299005795,TSLA,SELL,LIMIT,149.81,100,1476,1064
1764299005837,TSLA,SELL,LIMIT,149.84,1000,1477,1079
1764299005851,TSLA,BUY,MARKET,0.0,1000,1478,1039
1764299005942,TSLA,SELL,LIMIT,149.81,1000,1479,1021
1764299005980,TSLA,SELL,LIMIT,149.79,1000,1480,1003
1764299006031,TSLA,BUY,LIMIT,149.64,500,1481,1048
1764299006114,TSLA,SELL,LIMIT,149.77,1000,1482,1029
1764299006144,TSLA,SELL,MARKET,0.0,500,1483,1018
1764299006188,TSLA,BUY,LIMIT,149.59,100,1484,1092
1764299006226,TSLA,BUY,LIMIT,149.53,500,1485,1093
1764299006277,TSLA,SELL,LIMIT,149.63,500,1486,1071
1764299006360,TSLA,SELL,LIMIT,149.66,1000,1487,1066
1764299006444,TSLA,SELL,LIMIT,149.68,500,1488,1001
1764299006486,TSLA,BUY,MARKET,0.0,2000,1489,1058
1764299006504,TSLA,BUY,LIMIT,149.42,100,1490,1097
1764299006519,TSLA,SELL,LIMIT,149.51,5000,1491,1099
1764299006610,TSLA,BUY,LIMIT,149.41,100,1492,1074
1764299006648,TSLA,BUY,LIMIT,149.4,200,1493,1093
1764299006741,TSLA,SELL,LIMIT,149.34,2000,1494,1016
1764299006838,TSLA,SELL,LIMIT,149.36,5000,1495,1081
1764299006859,TSLA,SELL,MARKET,0.0,5000,1496,1057
1764299006928,TSLA,BUY,MARKET,0.0,2000,1497,1039
1764299006997,TSLA,BUY,LIMIT,149.06,5000,1498,1071
1764299007076,TSLA,BUY,MARKET,0.0,1000,1499,1030
1764299007094,TSLA,SELL,LIMIT,149.21,100,1500,1100
1764299007154,TSLA,BUY,LIMIT,149.13,1000,1501,1062
1764299007207,TSLA,BUY,LIMIT,149.15,1000,1502,1063
1764299007290,TSLA,BUY,MARKET,0.0,5000,1503,1039
1764299007327,TSLA,BUY,LIMIT,149.18,2000,1504,1029
1764299007366,TSLA,SELL,LIMIT,149.28,2000,1505,1038
1764299007428,TSLA,SELL,MARKET,0.0,200,1506,1028
1764299007436,TSLA,SELL,LIMIT,149.41,1000,1507,1076
1764299007464,TSLA,BUY,LIMIT,149.33,2000,1508,1024
1764299007496,TSLA,BUY,LIMIT,149.34,100,1509,1026
1764299007592,TSLA,SELL,LIMIT,149.37,200,1510,1078
1764299007682,TSLA,BUY,LIMIT,149.35,100,1511,1033
1764299007713,TSLA,BUY,LIMIT,149.46,1000,1512,1049
1764299007763,TSLA,SELL,LIMIT,149.53,2000,1513,1045
1764299007814,TSLA,BUY,LIMIT,149.38,100,1514,1098
1764299007878,TSLA,SELL,LIMIT,149.59,2000,1515,1038
1764299007890,TSLA,SELL,LIMIT,149.51,5000,1516,1093
1764299007895,TSLA,BUY,LIMIT,149.53,100,1517,1044
1764299007922,TSLA,SELL,LIMIT,149.61,5000,1518,1018
1764299007963,TSLA,SELL,LIMIT,149.59,2000,1519,1076
1764299008063,TSLA,SELL,LIMIT,149.52,100,1520,1018
1764299008153,TSLA,BUY,LIMIT,149.28,5000,1521,1033
1764299008169,TSLA,BUY,LIMIT,149.25,2000,1522,1083
1764299008225,TSLA,BUY,MARKET,0.0,500,1523,1051
1764299008295,TSLA,SELL,LIMIT,149.29,500,1524,1092
1764299008358,TSLA,SELL,LIMIT,149.29,1000,1525,1030
1764299008421,TSLA,SELL,LIMIT,149.31,200,1526,1044
1764299008496,TSLA,BUY,LIMIT,149.29,100,1527,1007
1764299008582,TSLA,BUY,LIMIT,149.24,2000,1528,1082
1764299008595,TSLA,SELL,MARKET,0.0,2000,1529,1054
1764299008642,TSLA,BUY,LIMIT,149.23,100,1530,1018
1764299008735,TSLA,BUY,LIMIT,149.23,1000,1531,1041
1764299008830,TSLA,BUY,LIMIT,149.29,5000,1532,1023
1764299008859,TSLA,BUY,MARKET,0.0,1000,1533,1024
1764299008937,TSLA,SELL,LIMIT,149.41,1000,1534,1062
1764299008943,TSLA,SELL,LIMIT,149.38,200,1535,1011
1764299008955,TSLA,SELL,LIMIT,149.27,5000,1536,1083
1764299009030,TSLA,BUY,LIMIT,149.17,2000,1537,1090
1764299009053,TSLA,SELL,LIMIT,149.31,200,1538,1091
1764299009071,TSLA,BUY,LIMIT,149.13,200,1539,1091
1764299009137,TSLA,SELL,MARKET,0.0,1000,1540,1022
1764299009138,TSLA,SELL,LIMIT,149.35,2000,1541,1088
1764299009204,TSLA,BUY,LIMIT,149.12,1000,1542,1058
1764299009222,TSLA,BUY,LIMIT,149.13,200,1543,1003
1764299009255,TSLA,BUY,MARKET,0.0,100,1544,1069
1764299009348,TSLA,SELL,LIMIT,149.14,5000,1545,1052
1764299009404,TSLA,SELL,LIMIT,149.22,100,1546,1063
1764299009436,TSLA,BUY,LIMIT,148.99,200,1547,1068
1764299009513,TSLA,BUY,LIMIT,149.11,100,1548,1037
1764299009516,TSLA,BUY,LIMIT,149.13,100,1549,1036
1764299009605,TSLA,SELL,LIMIT,149.22,5000,1550,1089
1764299009646,TSLA,SELL,LIMIT,149.28,2000,1551,1095
1764299009710,TSLA,BUY,LIMIT,149.19,5000,1552,1049
1764299009799,TSLA,BUY,LIMIT,149.16,1000,1553,1076
1764299009866,TSLA,SELL,LIMIT,149.3,200,1554,1032
1764299009933,TSLA,BUY,LIMIT,149.06,200,1555,1067
1764299010004,TSLA,BUY,LIMIT,149.03,500,1556,1090
1764299010085,TSLA,BUY,LIMIT,149.04,5000,1557,1020
1764299010091,TSLA,SELL,LIMIT,149.14,500,1558,1034
1764299010105,TSLA,BUY,MARKET,0.0,2000,1559,1037
1764299010162,TSLA,BUY,LIMIT,148.88,100,1560,1096
1764299010170,TSLA,SELL,LIMIT,149.12,1000,1561,1033
1764299010233,TSLA,SELL,LIMIT,149.09,500,1562,1005
1764299010267,TSLA,BUY,LIMIT,148.97,100,1563,1100
1764299010346,TSLA,BUY,LIMIT,148.94,500,1564,1016
1764299010396,TSLA,BUY,MARKET,0.0,5000,1565,1044
1764299010459,TSLA,BUY,LIMIT,148.94,100,1566,1052
1764299010559,TSLA,BUY,LIMIT,149.09,100,1567,1071
1764299010609,TSLA,SELL,LIMIT,149.23,5000,1568,1054
1764299010637,TSLA,BUY,LIMIT,149.05,500,1569,1052
1764299010672,TSLA,BUY,LIMIT,149.08,100,1570,1010
1764299010681,TSLA,BUY,LIMIT,149.18,200,1571,1077
1764299010766,TSLA,BUY,LIMIT,149.2,2000,1572,1077
1764299010809,TSLA,SELL,LIMIT,149.38,200,1573,1081
1764299010879,TSLA,BUY,LIMIT,149.24,2000,1574,1059
1764299010892,TSLA,BUY,MARKET,0.0,5000,1575,1025
1764299010900,TSLA,SELL,MARKET,0.0,1000,1576,1001
1764299010937,TSLA,BUY,LIMIT,149.25,5000,1577,1000
1764299010956,TSLA,BUY,LIMIT,149.21,100,1578,1098
1764299011051,TSLA,SELL,LIMIT,149.31,200,1579,1002
1764299011079,TSLA,SELL,LIMIT,149.19,500,1580,1017
1764299011081,TSLA,BUY,LIMIT,149.03,1000,1581,1017
1764299011157,TSLA,BUY,LIMIT,149.13,5000,1582,1081
1764299011164,TSLA,BUY,LIMIT,149.12,1000,1583,1059
1764299011230,TSLA,SELL,LIMIT,149.14,1000,1584,1048
1764299011253,TSLA,SELL,LIMIT,149.21,1000,1585,1017
1764299011303,TSLA,BUY,LIMIT,149.09,200,1586,1060
1764299011394,TSLA,BUY,LIMIT,149.02,100,1587,1070
1764299011413,TSLA,BUY,LIMIT,149.08,5000,1588,1068
1764299011420,TSLA,BUY,LIMIT,149.1,200,1589,1012
1764299011493,TSLA,SELL,LIMIT,149.17,200,1590,1019
1764299011545,TSLA,BUY,MARKET,0.0,500,1591,1080
1764299011613,TSLA,SELL,MARKET,0.0,5000,1592,1002
1764299011685,TSLA,BUY,LIMIT,148.88,5000,1593,1089
1764299011724,TSLA,BUY,MARKET,0.0,5000,1594,1049
1764299011806,TSLA,SELL,MARKET,0.0,1000,1595,1089
1764299011828,TSLA,SELL,LIMIT,149.04,5000,1596,1023
1764299011873,TSLA,BUY,LIMIT,148.98,2000,1597,1045
1764299011930,TSLA,SELL,LIMIT,148.96,100,1598,1058
1764299011987,TSLA,BUY,LIMIT,148.88,100,1599,1037
1764299012005,TSLA,BUY,MARKET,0.0,100,1600,1012
1764299012046,TSLA,BUY,LIMIT,148.94,5000,1601,1042
1764299012096,TSLA,BUY,LIMIT,149.0,5000,1602,1069
1764299012103,TSLA,BUY,MARKET,0.0,100,1603,1042
1764299012136,TSLA,SELL,MARKET,0.0,5000,1604,1091
1764299012211,TSLA,BUY,LIMIT,148.91,2000,1605,1040
1764299012255,TSLA,SELL,LIMIT,148.93,500,1606,1040
1764299012259,TSLA,SELL,LIMIT,148.91,2000,1607,1019
1764299012310,TSLA,BUY,MARKET,0.0,500,1608,1059
1764299012345,TSLA,SELL,LIMIT,148.89,2000,1609,1003
1764299012443,TSLA,BUY,LIMIT,148.75,5000,1610,1100
1764299012512,TSLA,BUY,LIMIT,148.77,2000,1611,1033
1764299012572,TSLA,BUY,MARKET,0.0,2000,1612,1081
1764299012646,TSLA,SELL,LIMIT,148.92,100,1613,1075
1764299012687,TSLA,BUY,LIMIT,148.74,100,1614,1094
1764299012753,TSLA,SELL,MARKET,0.0,500,1615,1057
1764299012824,TSLA,SELL,LIMIT,148.77,500,1616,1017
1764299012914,TSLA,BUY,LIMIT,148.75,5000,1617,1006
1764299012951,TSLA,BUY,LIMIT,148.68,5000,1618,1032
1764299012954,TSLA,BUY,MARKET,0.0,100,1619,1021
1764299013037,TSLA,BUY,LIMIT,148.72,500,1620,1064
1764299013050,TSLA,BUY,LIMIT,148.71,100,1621,1060
1764299013097,TSLA,SELL,LIMIT,148.83,200,1622,1071
1764299013183,TSLA,SELL,MARKET,0.0,1000,1623,1070
1764299013197,TSLA,SELL,MARKET,0.0,5000,1624,1041
1764299013210,TSLA,SELL,LIMIT,148.83,500,1625,1085
1764299013263,TSLA,SELL,MARKET,0.0,2000,1626,1089
1764299013287,TSLA,SELL,LIMIT,148.9,1000,1627,1023
1764299013306,TSLA,SELL,LIMIT,148.88,100,1628,1080
1764299013358,TSLA,BUY,LIMIT,148.76,500,1629,1093
1764299013423,TSLA,SELL,LIMIT,148.93,500,1630,1036
1764299013518,TSLA,BUY,LIMIT,148.75,5000,1631,1040
1764299013559,TSLA,BUY,MARKET,0.0,500,1632,1040
1764299013588,TSLA,SELL,LIMIT,148.95,100,1633,1009
1764299013648,TSLA,SELL,LIMIT,148.93,2000,1634,1018
1764299013721,TSLA,SELL,LIMIT,149.06,1000,1635,1055
1764299013794,TSLA,SELL,LIMIT,148.96,5000,1636,1027
1764299013853,TSLA,BUY,LIMIT,148.88,500,1637,1003
1764299013863,TSLA,BUY,LIMIT,148.89,200,1638,1002
1764299013894,TSLA,SELL,LIMIT,149.0,100,1639,1089
1764299013898,TSLA,BUY,LIMIT,148.91,2000,1640,1053
1764299013938,TSLA,BUY,LIMIT,148.88,5000,1641,1009
1764299013996,TSLA,SELL,LIMIT,148.98,5000,1642,1034
1764299014050,TSLA,SELL,LIMIT,149.02,100,1643,1089
1764299014078,TSLA,SELL,LIMIT,148.9,500,1644,1091
1764299014154,TSLA,BUY,LIMIT,148.87,200,1645,1058
1764299014181,TSLA,BUY,LIMIT,148.94,5000,1646,1095
1764299014213,TSLA,SELL,LIMIT,149.08,200,1647,1037
1764299014261,TSLA,SELL,LIMIT,149.05,100,1648,1068
1764299014355,TSLA,BUY,LIMIT,149.01,5000,1649,1034
1764299014363,TSLA,SELL,MARKET,0.0,200,1650,1070
1764299014451,TSLA,BUY,LIMIT,148.96,1000,1651,1010
1764299014496,TSLA,SELL,LIMIT,149.06,5000,1652,1047
1764299014581,TSLA,SELL,LIMIT,149.08,5000,1653,1025
1764299014625,TSLA,SELL,LIMIT,149.02,1000,1654,1010
1764299014648,TSLA,BUY,LIMIT,148.92,100,1655,1054
1764299014710,TSLA,SELL,LIMIT,148.96,200,1656,1054
1764299014721,TSLA,SELL,LIMIT,148.95,500,1657,1075
1764299014726,TSLA,BUY,MARKET,0.0,2000,1658,1077
1764299014796,TSLA,BUY,LIMIT,148.92,100,1659,1086
1764299014813,TSLA,BUY,MARKET,0.0,100,1660,1086
1764299014833,TSLA,BUY,MARKET,0.0,5000,1661,1007
1764299014901,TSLA,BUY,MARKET,0.0,100,1662,1017
1764299014958,TSLA,SELL,LIMIT,148.98,2000,1663,1041
1764299015002,TSLA,SELL,LIMIT,149.11,100,1664,1024
1764299015044,TSLA,SELL,MARKET,0.0,200,1665,1028
1764299015109,TSLA,SELL,LIMIT,149.09,5000,1666,1010
1764299015120,TSLA,BUY,LIMIT,148.99,500,1667,1046
1764299015139,TSLA,BUY,LIMIT,149.08,5000,1668,1018
1764299015172,TSLA,BUY,LIMIT,149.17,500,1669,1054
1764299015219,TSLA,BUY,LIMIT,149.23,100,1670,1085
1764299015245,TSLA,BUY,LIMIT,149.29,500,1671,1002
1764299015332,TSLA,BUY,MARKET,0.0,500,1672,1050
1764299015373,TSLA,SELL,LIMIT,149.39,200,1673,1071
1764299015427,TSLA,SELL,LIMIT,149.44,200,1674,1007
1764299015501,TSLA,SELL,LIMIT,149.4,500,1675,1012
1764299015510,TSLA,BUY,LIMIT,149.36,500,1676,1028
1764299015518,TSLA,BUY,LIMIT,149.43,1000,1677,1039
1764299015588,TSLA,SELL,LIMIT,149.54,500,1678,1025
1764299015625,TSLA,SELL,LIMIT,149.56,500,1679,1044
1764299015627,TSLA,SELL,LIMIT,149.51,2000,1680,1073
1764299015712,TSLA,SELL,LIMIT,149.64,5000,1681,1062
1764299015777,TSLA,BUY,MARKET,0.0,1000,1682,1002
1764299015816,TSLA,BUY,LIMIT,149.58,2000,1683,1030
1764299015886,TSLA,BUY,LIMIT,149.51,100,1684,1020
1764299015910,TSLA,SELL,LIMIT,149.75,200,1685,1054
1764299015981,TSLA,SELL,LIMIT,149.73,500,1686,1040
1764299015985,TSLA,BUY,LIMIT,149.53,1000,1687,1001
1764299015993,TSLA,BUY,LIMIT,149.48,200,1688,1065
1764299016064,TSLA,SELL,MARKET,0.0,500,1689,1015
1764299016070,TSLA,SELL,LIMIT,149.68,5000,1690,1028
1764299016075,TSLA,SELL,MARKET,0.0,2000,1691,1079
1764299016112,TSLA,SELL,LIMIT,149.61,100,1692,1047
1764299016162,TSLA,SELL,LIMIT,149.54,1000,1693,1049
1764299016186,TSLA,SELL,LIMIT,149.66,1000,1694,1073
1764299016277,TSLA,SELL,LIMIT,149.54,1000,1695,1076
1764299016343,TSLA,BUY,LIMIT,149.52,1000,1696,1062
1764299016414,TSLA,SELL,LIMIT,149.57,1000,1697,1086
1764299016470,TSLA,SELL,LIMIT,149.66,2000,1698,1067
1764299016507,TSLA,BUY,LIMIT,149.66,2000,1699,1083
1764299016551,TSLA,BUY,LIMIT,149.72,1000,1700,1044
1764299016592,TSLA,SELL,LIMIT,149.89,2000,1701,1092
1764299016644,TSLA,SELL,LIMIT,149.83,2000,1702,1052
1764299016670,TSLA,BUY,MARKET,0.0,500,1703,1082
1764299016719,TSLA,SELL,MARKET,0.0,100,1704,1018
1764299016797,TSLA,SELL,LIMIT,149.81,100,1705,1036
1764299016841,TSLA,SELL,LIMIT,149.77,100,1706,1058
1764299016894,TSLA,SELL,LIMIT,149.88,5000,1707,1069
1764299016923,TSLA,BUY,LIMIT,149.78,500,1708,1062
1764299016980,TSLA,BUY,LIMIT,149.72,2000,1709,1083
1764299016981,TSLA,SELL,LIMIT,149.82,5000,1710,1083
1764299017025,TSLA,SELL,MARKET,0.0,5000,1711,1046
1764299017077,TSLA,SELL,LIMIT,149.8,5000,1712,1100
1764299017102,TSLA,BUY,LIMIT,149.77,500,1713,1033
1764299017124,TSLA,BUY,MARKET,0.0,2000,1714,1098
1764299017133,TSLA,BUY,MARKET,0.0,1000,1715,1070
1764299017186,TSLA,BUY,LIMIT,149.79,2000,1716,1050
1764299017243,TSLA,SELL,LIMIT,149.88,500,1717,1082
1764299017257,TSLA,SELL,LIMIT,149.78,500,1718,1078
1764299017292,TSLA,BUY,LIMIT,149.71,1000,1719,1088
1764299017376,TSLA,BUY,LIMIT,149.6,200,1720,1019
1764299017413,TSLA,BUY,LIMIT,149.64,2000,1721,1043
1764299017429,TSLA,SELL,LIMIT,149.75,200,1722,1069
1764299017507,TSLA,SELL,LIMIT,149.74,2000,1723,1008
1764299017566,TSLA,BUY,LIMIT,149.74,2000,1724,1072
1764299017616,TSLA,BUY,MARKET,0.0,2000,1725,1003
1764299017658,TSLA,SELL,LIMIT,149.85,200,1726,1076
1764299017735,TSLA,BUY,LIMIT,149.7,1000,1727,1010
1764299017815,TSLA,BUY,LIMIT,149.78,100,1728,1039
1764299017864,TSLA,SELL,LIMIT,149.93,200,1729,1018
1764299017915,TSLA,SELL,MARKET,0.0,2000,1730,1012
1764299017954,TSLA,BUY,LIMIT,149.78,500,1731,1048
1764299017971,TSLA,SELL,LIMIT,149.82,500,1732,1001
1764299018049,TSLA,SELL,MARKET,0.0,500,1733,1056
1764299018066,TSLA,SELL,LIMIT,149.82,200,1734,1033
1764299018158,TSLA,SELL,LIMIT,149.74,2000,1735,1016
1764299018187,TSLA,BUY,LIMIT,149.52,2000,1736,1084
1764299018214,TSLA,SELL,LIMIT,149.55,1000,1737,1079
1764299018261,TSLA,SELL,MARKET,0.0,100,1738,1027
1764299018335,TSLA,SELL,LIMIT,149.47,1000,1739,1036
1764299018370,TSLA,BUY,LIMIT,149.35,2000,1740,1070
1764299018470,TSLA,SELL,LIMIT,149.34,200,1741,1078
1764299018533,TSLA,SELL,MARKET,0.0,5000,1742,1016
1764299018551,TSLA,SELL,LIMIT,149.37,1000,1743,1052
1764299018645,TSLA,SELL,MARKET,0.0,200,1744,1096
1764299018653,TSLA,BUY,LIMIT,149.31,1000,1745,1046
1764299018738,TSLA,SELL,LIMIT,149.47,500,1746,1025
1764299018822,TSLA,BUY,LIMIT,149.43,200,1747,1086
1764299018826,TSLA,SELL,LIMIT,149.41,5000,1748,1078
1764299018845,TSLA,BUY,LIMIT,149.33,2000,1749,1020
1764299018879,TSLA,BUY,LIMIT,149.27,5000,1750,1076
1764299018912,TSLA,BUY,LIMIT,149.12,1000,1751,1065
1764299018998,TSLA,BUY,LIMIT,149.14,2000,1752,1016
1764299019098,TSLA,BUY,LIMIT,149.1,1000,1753,1017
1764299019143,TSLA,BUY,LIMIT,149.0,5000,1754,1069
1764299019145,TSLA,BUY,LIMIT,148.95,1000,1755,1054
1764299019199,TSLA,BUY,LIMIT,148.9,2000,1756,1062
1764299019200,TSLA,SELL,LIMIT,149.05,200,1757,1044
1764299019250,TSLA,BUY,LIMIT,148.83,2000,1758,1007
1764299019283,TSLA,SELL,MARKET,0.0,2000,1759,1029
1764299019359,TSLA,SELL,LIMIT,149.13,2000,1760,1064
1764299019415,TSLA,SELL,LIMIT,149.09,500,1761,1038
1764299019464,TSLA,BUY,LIMIT,149.05,5000,1762,1065
1764299019477,TSLA,SELL,MARKET,0.0,2000,1763,1011
1764299019561,TSLA,SELL,MARKET,0.0,200,1764,1084
1764299019610,TSLA,SELL,MARKET,0.0,5000,1765,1063
1764299019673,TSLA,BUY,LIMIT,149.1,100,1766,1092
1764299019772,TSLA,BUY,LIMIT,149.1,200,1767,1088
1764299019868,TSLA,BUY,MARKET,0.0,500,1768,1038
1764299019955,TSLA,SELL,LIMIT,149.17,100,1769,1026
1764299020024,TSLA,BUY,LIMIT,149.04,1000,1770,1075
1764299020029,TSLA,BUY,LIMIT,149.04,500,1771,1085
1764299020069,TSLA,SELL,MARKET,0.0,100,1772,1096
1764299020143,TSLA,SELL,LIMIT,149.27,1000,1773,1024
1764299020144,TSLA,BUY,LIMIT,149.08,1000,1774,1013
1764299020214,TSLA,BUY,LIMIT,149.1,2000,1775,1036
1764299020253,TSLA,SELL,LIMIT,149.18,2000,1776,1071
1764299020331,TSLA,BUY,LIMIT,149.07,100,1777,1063
1764299020386,TSLA,BUY,LIMIT,148.99,2000,1778,1016
1764299020387,TSLA,SELL,LIMIT,149.18,2000,1779,1082
1764299020481,TSLA,BUY,LIMIT,149.03,2000,1780,1046
1764299020561,TSLA,SELL,LIMIT,149.16,500,1781,1002
1764299020657,TSLA,SELL,LIMIT,149.03,100,1782,1018
1764299020663,TSLA,SELL,LIMIT,149.09,1000,1783,1027
1764299020682,TSLA,SELL,LIMIT,149.11,5000,1784,1048
1764299020769,TSLA,BUY,LIMIT,149.03,1000,1785,1001
1764299020852,TSLA,SELL,LIMIT,149.08,5000,1786,1086
1764299020857,TSLA,SELL,LIMIT,149.13,1000,1787,1029
1764299020935,TSLA,SELL,LIMIT,149.18,1000,1788,1054
1764299021017,TSLA,SELL,LIMIT,149.17,200,1789,1021
1764299021068,TSLA,SELL,LIMIT,149.23,2000,1790,1003
1764299021120,TSLA,SELL,MARKET,0.0,500,1791,1001
1764299021162,TSLA,SELL,LIMIT,149.22,100,1792,1007
1764299021203,TSLA,BUY,LIMIT,149.13,200,1793,1033
1764299021286,TSLA,BUY,LIMIT,149.16,500,1794,1035
1764299021360,TSLA,SELL,MARKET,0.0,5000,1795,1071
1764299021389,TSLA,SELL,LIMIT,149.32,500,1796,1043
1764299021394,TSLA,BUY,LIMIT,149.15,500,1797,1079
1764299021411,TSLA,BUY,LIMIT,149.25,100,1798,1094
1764299021500,TSLA,SELL,MARKET,0.0,200,1799,1013
1764299021548,TSLA,BUY,LIMIT,149.26,5000,1800,1024
1764299021574,TSLA,SELL,LIMIT,149.31,2000,1801,1048
1764299021670,TSLA,BUY,LIMIT,149.19,200,1802,1018
1764299021745,TSLA,BUY,LIMIT,149.1,1000,1803,1034
1764299021759,TSLA,SELL,LIMIT,149.29,2000,1804,1056
1764299021770,TSLA,SELL,LIMIT,149.22,200,1805,1095
1764299021785,TSLA,BUY,LIMIT,149.15,2000,1806,1014
1764299021844,TSLA,BUY,LIMIT,149.14,500,1807,1062
1764299021902,TSLA,SELL,LIMIT,149.18,200,1808,1014
1764299021985,TSLA,SELL,LIMIT,149.04,500,1809,1004
1764299022037,TSLA,BUY,LIMIT,148.99,200,1810,1079
1764299022071,TSLA,SELL,LIMIT,149.24,500,1811,1082
1764299022081,TSLA,BUY,LIMIT,149.05,500,1812,1013
1764299022107,TSLA,BUY,LIMIT,149.17,100,1813,1008
1764299022174,TSLA,SELL,LIMIT,149.24,1000,1814,1033
1764299022265,TSLA,SELL,LIMIT,149.21,500,1815,1069
1764299022301,TSLA,SELL,LIMIT,149.22,1000,1816,1089
1764299022310,TSLA,BUY,MARKET,0.0,100,1817,1033
1764299022360,TSLA,SELL,LIMIT,149.16,5000,1818,1065
1764299022386,TSLA,SELL,LIMIT,149.2,200,1819,1056
1764299022430,TSLA,SELL,LIMIT,149.14,500,1820,1032
1764299022467,TSLA,SELL,MARKET,0.0,1000,1821,1008
1764299022474,TSLA,BUY,LIMIT,149.07,1000,1822,1075
1764299022517,TSLA,BUY,LIMIT,149.06,200,1823,1085
1764299022610,TSLA,BUY,MARKET,0.0,500,1824,1100
1764299022650,TSLA,SELL,MARKET,0.0,200,1825,1092
1764299022660,TSLA,BUY,LIMIT,149.06,100,1826,1071
1764299022676,TSLA,SELL,LIMIT,149.26,200,1827,1062
1764299022744,TSLA,BUY,LIMIT,149.07,100,1828,1012
1764299022801,TSLA,BUY,MARKET,0.0,500,1829,1066
1764299022809,TSLA,BUY,MARKET,0.0,2000,1830,1036
1764299022863,TSLA,BUY,LIMIT,149.17,2000,1831,1012
1764299022925,TSLA,SELL,LIMIT,149.39,100,1832,1041
1764299023012,TSLA,SELL,LIMIT,149.4,2000,1833,1062
1764299023088,TSLA,BUY,LIMIT,149.25,2000,1834,1062
1764299023123,TSLA,BUY,LIMIT,149.22,200,1835,1051
1764299023178,TSLA,SELL,LIMIT,149.23,100,1836,1073
1764299023274,TSLA,SELL,MARKET,0.0,5000,1837,1029
1764299023298,TSLA,BUY,MARKET,0.0,200,1838,1058
1764299023324,TSLA,BUY,LIMIT,149.06,500,1839,1025
1764299023383,TSLA,BUY,LIMIT,149.11,200,1840,1065
1764299023432,TSLA,SELL,LIMIT,149.17,500,1841,1017
1764299023499,TSLA,BUY,LIMIT,148.9,5000,1842,1070
1764299023534,TSLA,BUY,LIMIT,148.87,100,1843,1013
1764299023633,TSLA,BUY,MARKET,0.0,500,1844,1048
1764299023681,TSLA,BUY,LIMIT,148.71,1000,1845,1009
1764299023776,TSLA,BUY,LIMIT,148.82,1000,1846,1005
1764299023830,TSLA,BUY,LIMIT,148.76,100,1847,1005
1764299023844,TSLA,BUY,MARKET,0.0,200,1848,1083
1764299023943,TSLA,BUY,MARKET,0.0,200,1849,1089
1764299023965,TSLA,SELL,MARKET,0.0,1000,1850,1091
1764299023966,TSLA,BUY,LIMIT,148.81,5000,1851,1037
1764299024038,TSLA,SELL,MARKET,0.0,5000,1852,1019
1764299024128,TSLA,SELL,LIMIT,149.08,100,1853,1051
1764299024186,TSLA,SELL,LIMIT,148.96,200,1854,1065
1764299024244,TSLA,SELL,LIMIT,148.87,2000,1855,1031
1764299024321,TSLA,SELL,LIMIT,148.89,500,1856,1013
1764299024384,TSLA,SELL,LIMIT,148.82,2000,1857,1094
1764299024438,TSLA,BUY,LIMIT,148.79,200,1858,1063
1764299024491,TSLA,BUY,LIMIT,148.72,2000,1859,1086
1764299024579,TSLA,SELL,LIMIT,148.77,1000,1860,1074
1764299024605,TSLA,SELL,MARKET,0.0,2000,1861,1017
1764299024681,TSLA,BUY,LIMIT,148.7,200,1862,1038
1764299024722,TSLA,SELL,MARKET,0.0,1000,1863,1011
1764299024784,TSLA,BUY,MARKET,0.0,5000,1864,1021
1764299024816,TSLA,BUY,LIMIT,148.71,2000,1865,1051
1764299024876,TSLA,SELL,LIMIT,148.82,200,1866,1014
1764299024933,TSLA,SELL,LIMIT,148.82,200,1867,1058
1764299024964,TSLA,BUY,MARKET,0.0,100,1868,1026
1764299024990,TSLA,SELL,LIMIT,148.95,200,1869,1033
1764299025079,TSLA,BUY,LIMIT,148.78,500,1870,1071
1764299025176,TSLA,BUY,LIMIT,148.9,1000,1871,1007
1764299025199,TSLA,BUY,LIMIT,148.9,500,1872,1094
1764299025287,TSLA,SELL,LIMIT,148.97,2000,1873,1071
1764299025313,TSLA,BUY,LIMIT,148.83,500,1874,1017
1764299025371,TSLA,SELL,LIMIT,148.89,1000,1875,1098
1764299025417,TSLA,SELL,LIMIT,148.94,500,1876,1078
1764299025449,TSLA,BUY,LIMIT,148.87,100,1877,1052
1764299025546,TSLA,BUY,LIMIT,148.84,1000,1878,1035
1764299025595,TSLA,SELL,MARKET,0.0,5000,1879,1090
1764299025680,TSLA,BUY,LIMIT,148.89,1000,1880,1012
1764299025702,TSLA,SELL,LIMIT,149.07,1000,1881,1085
1764299025721,TSLA,SELL,LIMIT,149.03,2000,1882,1043
1764299025807,TSLA,BUY,LIMIT,148.83,200,1883,1069
1764299025868,TSLA,BUY,LIMIT,148.83,5000,1884,1057
1764299025890,TSLA,SELL,LIMIT,148.93,1000,1885,1058
1764299025913,TSLA,SELL,LIMIT,148.85,5000,1886,1064
1764299025964,TSLA,BUY,LIMIT,148.83,5000,1887,1065
1764299025965,TSLA,BUY,LIMIT,148.84,500,1888,1085
1764299026003,TSLA,BUY,LIMIT,148.73,500,1889,1020
1764299026022,TSLA,BUY,LIMIT,148.82,1000,1890,1024
1764299026057,TSLA,SELL,LIMIT,148.93,100,1891,1012
1764299026064,TSLA,SELL,MARKET,0.0,500,1892,1098
1764299026130,TSLA,BUY,LIMIT,148.86,5000,1893,1097
1764299026144,TSLA,SELL,LIMIT,149.01,500,1894,1038
1764299026147,TSLA,SELL,MARKET,0.0,200,1895,1053
1764299026185,TSLA,SELL,LIMIT,148.99,500,1896,1040
1764299026252,TSLA,SELL,LIMIT,148.97,200,1897,1066
1764299026320,TSLA,BUY,LIMIT,148.77,5000,1898,1090
1764299026399,TSLA,BUY,LIMIT,148.77,100,1899,1084
1764299026497,TSLA,BUY,LIMIT,148.76,5000,1900,1052
1764299026540,TSLA,BUY,LIMIT,148.85,500,1901,1022
1764299026586,TSLA,BUY,LIMIT,148.9,2000,1902,1036
1764299026615,TSLA,SELL,LIMIT,149.05,5000,1903,1076
1764299026692,TSLA,SELL,LIMIT,149.11,5000,1904,1012
1764299026760,TSLA,SELL,LIMIT,149.14,5000,1905,1056
1764299026810,TSLA,SELL,LIMIT,149.14,1000,1906,1065
1764299026841,TSLA,BUY,LIMIT,149.12,200,1907,1076
1764299026879,TSLA,BUY,LIMIT,149.15,200,1908,1048
1764299026892,TSLA,BUY,LIMIT,149.18,1000,1909,1025
1764299026970,TSLA,BUY,LIMIT,149.09,2000,1910,1031
1764299027024,TSLA,BUY,LIMIT,149.15,100,1911,1003
1764299027058,TSLA,SELL,LIMIT,149.23,5000,1912,1015
1764299027112,TSLA,BUY,LIMIT,149.09,100,1913,1072
1764299027132,TSLA,BUY,LIMIT,149.19,1000,1914,1036
1764299027196,TSLA,BUY,LIMIT,149.17,2000,1915,1042
1764299027269,TSLA,SELL,LIMIT,149.23,500,1916,1064
1764299027291,TSLA,SELL,MARKET,0.0,100,1917,1099
1764299027346,TSLA,SELL,MARKET,0.0,5000,1918,1008
1764299027358,TSLA,BUY,MARKET,0.0,2000,1919,1068
1764299027389,TSLA,BUY,LIMIT,149.22,5000,1920,1043
1764299027484,TSLA,BUY,MARKET,0.0,1000,1921,1065
1764299027500,TSLA,BUY,LIMIT,149.2,100,1922,1083
1764299027541,TSLA,BUY,MARKET,0.0,500,1923,1032
1764299027542,TSLA,BUY,LIMIT,149.14,5000,1924,1016
1764299027622,TSLA,SELL,LIMIT,149.36,2000,1925,1072
1764299027682,TSLA,BUY,LIMIT,149.31,200,1926,1076
1764299027713,TSLA,SELL,LIMIT,149.44,200,1927,1054
1764299027757,TSLA,BUY,LIMIT,149.35,500,1928,1023
1764299027824,TSLA,BUY,LIMIT,149.36,5000,1929,1066
1764299027924,TSLA,BUY,LIMIT,149.33,100,1930,1017
1764299027957,TSLA,BUY,LIMIT,149.33,100,1931,1014
1764299027969,TSLA,SELL,LIMIT,149.4,500,1932,1050
1764299027977,TSLA,SELL,LIMIT,149.54,200,1933,1025
1764299028072,TSLA,BUY,LIMIT,149.29,2000,1934,1065
1764299028167,TSLA,SELL,MARKET,0.0,1000,1935,1003
1764299028250,TSLA,BUY,LIMIT,149.3,100,1936,1021
1764299028281,TSLA,BUY,LIMIT,149.28,1000,1937,1010
1764299028323,TSLA,BUY,MARKET,0.0,500,1938,1006
1764299028338,TSLA,SELL,MARKET,0.0,100,1939,1077
1764299028432,TSLA,BUY,LIMIT,149.08,200,1940,1073
1764299028485,TSLA,BUY,LIMIT,149.07,1000,1941,1012
1764299028528,TSLA,SELL,LIMIT,149.12,200,1942,1076
1764299028602,TSLA,SELL,LIMIT,149.12,100,1943,1003
1764299028677,TSLA,SELL,LIMIT,149.07,100,1944,1055
1764299028751,TSLA,SELL,LIMIT,149.24,1000,1945,1046
1764299028842,TSLA,SELL,LIMIT,149.18,200,1946,1072
1764299028935,TSLA,BUY,LIMIT,149.09,500,1947,1060
1764299028955,TSLA,SELL,LIMIT,149.36,1000,1948,1011
1764299029015,TSLA,SELL,LIMIT,149.31,2000,1949,1053
1764299029019,TSLA,BUY,LIMIT,149.24,5000,1950,1098
1764299029118,TSLA,SELL,LIMIT,149.32,2000,1951,1022
1764299029124,TSLA,BUY,LIMIT,149.17,5000,1952,1022
1764299029161,TSLA,BUY,LIMIT,149.17,5000,1953,1005
1764299029183,TSLA,BUY,LIMIT,149.21,5000,1954,1014
1764299029265,TSLA,BUY,LIMIT,149.29,500,1955,1074
1764299029311,TSLA,SELL,LIMIT,149.33,5000,1956,1050
1764299029360,TSLA,SELL,LIMIT,149.44,100,1957,1073
1764299029422,TSLA,SELL,MARKET,0.0,200,1958,1045
1764299029504,TSLA,BUY,MARKET,0.0,500,1959,1099
1764299029580,TSLA,BUY,MARKET,0.0,200,1960,1089
1764299029616,TSLA,BUY,LIMIT,149.38,5000,1961,1077
