timestamp,symbol,side,order_type,price,quantity,order_id,trader_id
1764298933633,NVDA,SELL,LIMIT,150.06,2000,1,1040
1764298933708,NVDA,SELL,LIMIT,150.19,2000,2,1034
1764298933758,NVDA,SELL,MARKET,0.0,200,3,1043
1764298933834,NVDA,SELL,LIMIT,149.99,200,4,1071
1764298933845,NVDA,BUY,LIMIT,149.79,100,5,1064
1764298933912,NVDA,SELL,LIMIT,149.89,1000,6,1065
1764298933990,NVDA,SELL,MARKET,0.0,2000,7,1057
1764298934045,NVDA,SELL,MARKET,0.0,100,8,1028
1764298934086,NVDA,SELL,LIMIT,149.96,2000,9,1036
1764298934107,NVDA,SELL,LIMIT,149.87,100,10,1057
1764298934131,NVDA,SELL,MARKET,0.0,200,11,1002
1764298934183,NVDA,SELL,LIMIT,149.89,2000,12,1003
1764298934265,NVDA,BUY,MARKET,0.0,1000,13,1094
1764298934275,NVDA,BUY,LIMIT,149.79,1000,14,1090
1764298934292,NVDA,SELL,LIMIT,149.82,5000,15,1046
1764298934378,NVDA,BUY,LIMIT,149.65,5000,16,1025
1764298934437,NVDA,BUY,MARKET,0.0,2000,17,1094
1764298934498,NVDA,SELL,MARKET,0.0,2000,18,1056
1764298934573,NVDA,BUY,LIMIT,149.81,100,19,1092
1764298934596,NVDA,SELL,LIMIT,149.92,100,20,1069
1764298934677,NVDA,SELL,MARKET,0.0,2000,21,1041
1764298934769,NVDA,SELL,MARKET,0.0,5000,22,1085
1764298934773,NVDA,SELL,LIMIT,150.15,100,23,1036
1764298934804,NVDA,SELL,LIMIT,150.21,200,24,1056
1764298934873,NVDA,SELL,MARKET,0.0,200,25,1012
1764298934933,NVDA,SELL,LIMIT,150.27,100,26,1087
1764298934982,NVDA,BUY,LIMIT,150.24,200,27,1052
1764298935044,NVDA,BUY,LIMIT,150.22,100,28,1090
1764298935090,NVDA,SELL,LIMIT,150.46,500,29,1061
1764298935186,NVDA,BUY,LIMIT,150.4,1000,30,1029
1764298935249,NVDA,SELL,LIMIT,150.57,500,31,1040
1764298935251,NVDA,SELL,LIMIT,150.54,200,32,1066
1764298935316,NVDA,BUY,MARKET,0.0,5000,33,1013
1764298935347,NVDA,SELL,MARKET,0.0,1000,34,1084
1764298935430,NVDA,BUY,LIMIT,150.64,2000,35,1007
1764298935437,NVDA,BUY,LIMIT,150.61,200,36,1078
1764298935504,NVDA,BUY,LIMIT,150.51,200,37,1032
1764298935523,NVDA,BUY,LIMIT,150.49,1000,38,1037
1764298935561,NVDA,BUY,LIMIT,150.44,1000,39,1002
1764298935568,NVDA,SELL,LIMIT,150.42,1000,40,1060
1764298935661,NVDA,BUY,LIMIT,150.42,100,41,1063
1764298935707,NVDA,BUY,LIMIT,150.49,500,42,1051
1764298935711,NVDA,SELL,MARKET,0.0,2000,43,1020
1764298935798,NVDA,SELL,LIMIT,150.52,500,44,1058
1764298935827,NVDA,BUY,LIMIT,150.35,2000,45,1063
1764298935839,NVDA,SELL,MARKET,0.0,500,46,1079
1764298935903,NVDA,SELL,MARKET,0.0,5000,47,1065
1764298935949,NVDA,SELL,MARKET,0.0,5000,48,1022
1764298935983,NVDA,BUY,LIMIT,150.21,5000,49,1074
1764298936010,NVDA,SELL,LIMIT,150.35,5000,50,1035
1764298936016,NVDA,SELL,LIMIT,150.31,500,51,1022
1764298936115,NVDA,SELL,LIMIT,150.2,500,52,1047
1764298936119,NVDA,BUY,LIMIT,150.22,2000,53,1092
1764298936203,NVDA,BUY,LIMIT,150.15,100,54,1008
1764298936301,NVDA,SELL,LIMIT,150.34,1000,55,1059
1764298936334,NVDA,SELL,LIMIT,150.41,2000,56,1046
1764298936386,NVDA,SELL,LIMIT,150.32,500,57,1097
1764298936421,NVDA,SELL,LIMIT,150.22,1000,58,1049
1764298936453,NVDA,SELL,MARKET,0.0,5000,59,1051
1764298936470,NVDA,SELL,LIMIT,150.2,1000,60,1030
1764298936471,NVDA,SELL,LIMIT,150.26,500,61,1078
1764298936493,NVDA,SELL,LIMIT,150.31,500,62,1089
1764298936576,NVDA,SELL,MARKET,0.0,5000,63,1079
1764298936672,NVDA,BUY,LIMIT,150.22,200,64,1003
1764298936766,NVDA,SELL,MARKET,0.0,200,65,1089
1764298936768,NVDA,SELL,LIMIT,150.24,1000,66,1043
1764298936828,NVDA,BUY,LIMIT,150.2,5000,67,1016
1764298936870,NVDA,BUY,MARKET,0.0,5000,68,1013
1764298936951,NVDA,SELL,LIMIT,150.22,5000,69,1036
1764298937042,NVDA,BUY,LIMIT,150.06,200,70,1024
1764298937129,NVDA,BUY,LIMIT,150.06,2000,71,1087
1764298937182,NVDA,SELL,LIMIT,150.1,1000,72,1025
1764298937235,NVDA,BUY,LIMIT,150.01,100,73,1034
1764298937308,NVDA,SELL,LIMIT,150.27,2000,74,1039
1764298937351,NVDA,SELL,LIMIT,150.21,5000,75,1085
1764298937401,NVDA,SELL,LIMIT,150.28,100,76,1008
1764298937419,NVDA,SELL,LIMIT,150.24,1000,77,1081
1764298937424,NVDA,BUY,LIMIT,150.14,100,78,1008
1764298937481,NVDA,BUY,LIMIT,150.25,200,79,1017
1764298937482,NVDA,SELL,LIMIT,150.47,100,80,1078
1764298937579,NVDA,BUY,LIMIT,150.27,2000,81,1003
1764298937581,NVDA,BUY,LIMIT,150.41,5000,82,1047
1764298937636,NVDA,BUY,LIMIT,150.3,1000,83,1061
1764298937643,NVDA,SELL,LIMIT,150.36,200,84,1026
1764298937668,NVDA,SELL,LIMIT,150.37,1000,85,1029
1764298937746,NVDA,BUY,MARKET,0.0,2000,86,1094
1764298937839,NVDA,BUY,MARKET,0.0,2000,87,1025
1764298937926,NVDA,SELL,LIMIT,150.4,200,88,1029
1764298938007,NVDA,BUY,LIMIT,150.22,100,89,1093
1764298938035,NVDA,BUY,LIMIT,150.25,200,90,1074
1764298938121,NVDA,BUY,LIMIT,150.3,5000,91,1075
1764298938193,NVDA,SELL,LIMIT,150.33,200,92,1000
1764298938245,NVDA,SELL,LIMIT,150.36,200,93,1071
1764298938342,NVDA,SELL,LIMIT,150.31,2000,94,1081
1764298938427,NVDA,BUY,LIMIT,150.3,100,95,1026
1764298938508,NVDA,BUY,MARKET,0.0,2000,96,1038
1764298938546,NVDA,SELL,MARKET,0.0,100,97,1094
1764298938593,NVDA,SELL,LIMIT,150.5,5000,98,1071
1764298938611,NVDA,SELL,LIMIT,150.4,1000,99,1082
1764298938648,NVDA,BUY,LIMIT,150.2,5000,100,1006
1764298938667,NVDA,BUY,LIMIT,150.32,1000,101,1020
1764298938730,NVDA,SELL,MARKET,0.0,200,102,1066
1764298938826,NVDA,SELL,MARKET,0.0,100,103,1082
1764298938866,NVDA,SELL,LIMIT,150.4,2000,104,1075
1764298938901,NVDA,SELL,LIMIT,150.44,5000,105,1031
1764298938946,NVDA,SELL,LIMIT,150.39,1000,106,1099
1764298939036,NVDA,SELL,LIMIT,150.48,2000,107,1020
1764298939082,NVDA,SELL,LIMIT,150.47,2000,108,1099
1764298939102,NVDA,SELL,LIMIT,150.57,100,109,1080
1764298939141,NVDA,BUY,LIMIT,150.46,5000,110,1011
1764298939195,NVDA,BUY,LIMIT,150.41,500,111,1010
1764298939229,NVDA,BUY,LIMIT,150.27,5000,112,1049
1764298939321,NVDA,BUY,MARKET,0.0,200,113,1098
1764298939369,NVDA,SELL,MARKET,0.0,100,114,1047
1764298939412,NVDA,BUY,LIMIT,150.14,500,115,1027
1764298939464,NVDA,BUY,MARKET,0.0,500,116,1050
1764298939513,NVDA,BUY,LIMIT,150.02,500,117,1034
1764298939587,NVDA,SELL,LIMIT,150.15,200,118,1038
1764298939647,NVDA,SELL,MARKET,0.0,100,119,1018
1764298939733,NVDA,BUY,LIMIT,149.94,500,120,1026
1764298939827,NVDA,SELL,LIMIT,150.03,500,121,1065
1764298939831,NVDA,SELL,MARKET,0.0,500,122,1025
1764298939836,NVDA,SELL,MARKET,0.0,500,123,1076
1764298939889,NVDA,SELL,LIMIT,150.13,2000,124,1074
1764298939979,NVDA,BUY,MARKET,0.0,100,125,1049
1764298939991,NVDA,SELL,LIMIT,150.13,100,126,1049
1764298940088,NVDA,BUY,LIMIT,150.02,1000,127,1004
1764298940098,NVDA,SELL,LIMIT,150.04,5000,128,1080
1764298940154,NVDA,BUY,LIMIT,149.93,5000,129,1069
1764298940214,NVDA,BUY,LIMIT,149.85,500,130,1014
1764298940257,NVDA,BUY,LIMIT,149.84,1000,131,1005
1764298940281,NVDA,BUY,MARKET,0.0,1000,132,1014
1764298940306,NVDA,SELL,MARKET,0.0,2000,133,1022
1764298940309,NVDA,BUY,LIMIT,149.82,100,134,1030
1764298940355,NVDA,BUY,LIMIT,149.79,5000,135,1001
1764298940453,NVDA,SELL,LIMIT,150.01,1000,136,1043
1764298940489,NVDA,SELL,LIMIT,149.99,500,137,1041
1764298940530,NVDA,BUY,LIMIT,149.87,5000,138,1086
1764298940549,NVDA,SELL,LIMIT,149.94,5000,139,1041
1764298940618,NVDA,BUY,LIMIT,149.9,100,140,1092
1764298940688,NVDA,SELL,MARKET,0.0,500,141,1035
1764298940736,NVDA,BUY,LIMIT,149.76,100,142,1048
1764298940742,NVDA,BUY,LIMIT,149.8,1000,143,1075
1764298940803,NVDA,SELL,MARKET,0.0,2000,144,1085
1764298940880,NVDA,SELL,LIMIT,149.74,5000,145,1000
1764298940948,NVDA,BUY,LIMIT,149.71,1000,146,1054
1764298941042,NVDA,SELL,LIMIT,149.77,5000,147,1044
1764298941106,NVDA,BUY,LIMIT,149.54,200,148,1065
1764298941197,NVDA,SELL,LIMIT,149.57,1000,149,1023
1764298941235,NVDA,SELL,LIMIT,149.7,200,150,1066
1764298941263,NVDA,BUY,LIMIT,149.51,100,151,1057
1764298941304,NVDA,SELL,LIMIT,149.69,100,152,1000
1764298941326,NVDA,SELL,LIMIT,149.74,5000,153,1045
1764298941333,NVDA,SELL,MARKET,0.0,2000,154,1056
1764298941379,NVDA,BUY,LIMIT,149.62,2000,155,1012
1764298941387,NVDA,BUY,MARKET,0.0,500,156,1090
1764298941437,NVDA,SELL,LIMIT,149.8,500,157,1058
1764298941438,NVDA,BUY,LIMIT,149.69,500,158,1018
1764298941461,NVDA,SELL,LIMIT,149.76,5000,159,1009
1764298941506,NVDA,BUY,LIMIT,149.52,2000,160,1059
1764298941507,NVDA,SELL,LIMIT,149.7,5000,161,1012
1764298941576,NVDA,BUY,LIMIT,149.65,5000,162,1006
1764298941615,NVDA,SELL,LIMIT,149.73,500,163,1006
1764298941670,NVDA,SELL,LIMIT,149.87,1000,164,1055
1764298941680,NVDA,BUY,LIMIT,149.7,1000,165,1027
1764298941729,NVDA,SELL,LIMIT,149.86,200,166,1088
1764298941801,NVDA,SELL,LIMIT,149.79,100,167,1066
1764298941879,NVDA,BUY,LIMIT,149.78,200,168,1069
1764298941895,NVDA,BUY,LIMIT,149.78,200,169,1063
1764298941967,NVDA,BUY,LIMIT,149.81,200,170,1049
1764298941989,NVDA,SELL,LIMIT,149.84,1000,171,1083
1764298942061,NVDA,SELL,LIMIT,149.83,1000,172,1093
1764298942139,NVDA,BUY,LIMIT,149.66,200,173,1092
1764298942179,NVDA,BUY,LIMIT,149.8,200,174,1027
1764298942254,NVDA,BUY,MARKET,0.0,1000,175,1017
1764298942306,NVDA,SELL,MARKET,0.0,5000,176,1061
1764298942357,NVDA,SELL,LIMIT,149.97,100,177,1027
1764298942373,NVDA,SELL,LIMIT,149.9,2000,178,1060
1764298942448,NVDA,SELL,LIMIT,150.02,1000,179,1097
1764298942489,NVDA,BUY,LIMIT,149.87,2000,180,1096
1764298942501,NVDA,SELL,LIMIT,149.91,100,181,1011
1764298942553,NVDA,BUY,MARKET,0.0,2000,182,1021
1764298942587,NVDA,BUY,MARKET,0.0,500,183,1047
1764298942639,NVDA,BUY,MARKET,0.0,2000,184,1028
1764298942661,NVDA,BUY,LIMIT,150.0,5000,185,1074
1764298942722,NVDA,SELL,LIMIT,150.11,2000,186,1048
1764298942731,NVDA,SELL,LIMIT,150.04,5000,187,1027
1764298942829,NVDA,BUY,LIMIT,149.95,500,188,1038
1764298942912,NVDA,SELL,MARKET,0.0,2000,189,1067
1764298943001,NVDA,BUY,MARKET,0.0,100,190,1040
1764298943079,NVDA,BUY,LIMIT,150.0,100,191,1006
1764298943104,NVDA,BUY,LIMIT,150.06,2000,192,1033
1764298943151,NVDA,SELL,MARKET,0.0,1000,193,1019
1764298943199,NVDA,BUY,LIMIT,150.02,5000,194,1084
1764298943266,NVDA,BUY,LIMIT,149.95,200,195,1010
1764298943291,NVDA,BUY,LIMIT,150.06,200,196,1019
1764298943389,NVDA,BUY,LIMIT,149.96,500,197,1054
1764298943422,NVDA,SELL,LIMIT,150.05,2000,198,1053
1764298943468,NVDA,SELL,LIMIT,150.13,2000,199,1051
1764298943492,NVDA,BUY,MARKET,0.0,1000,200,1043
1764298943546,NVDA,SELL,LIMIT,149.98,200,201,1100
1764298943598,NVDA,BUY,LIMIT,149.9,100,202,1093
1764298943690,NVDA,BUY,LIMIT,149.95,5000,203,1022
1764298943747,NVDA,BUY,MARKET,0.0,100,204,1099
1764298943804,NVDA,BUY,LIMIT,149.85,100,205,1076
1764298943848,NVDA,BUY,LIMIT,149.85,1000,206,1024
1764298943926,NVDA,BUY,LIMIT,149.78,200,207,1056
1764298943934,NVDA,SELL,LIMIT,149.92,200,208,1044
1764298944012,NVDA,BUY,MARKET,0.0,100,209,1011
1764298944065,NVDA,SELL,LIMIT,150.1,5000,210,1056
1764298944164,NVDA,BUY,LIMIT,149.99,1000,211,1059
1764298944254,NVDA,BUY,LIMIT,150.09,500,212,1090
1764298944290,NVDA,BUY,LIMIT,150.2,200,213,1025
1764298944305,NVDA,BUY,LIMIT,150.25,2000,214,1057
1764298944307,NVDA,SELL,LIMIT,150.38,200,215,1075
1764298944342,NVDA,BUY,LIMIT,150.31,500,216,1041
1764298944416,NVDA,SELL,LIMIT,150.53,2000,217,1075
1764298944457,NVDA,BUY,LIMIT,150.37,2000,218,1032
1764298944473,NVDA,SELL,LIMIT,150.56,2000,219,1034
1764298944513,NVDA,SELL,MARKET,0.0,500,220,1083
1764298944605,NVDA,BUY,LIMIT,150.32,2000,221,1096
1764298944606,NVDA,SELL,MARKET,0.0,2000,222,1085
1764298944633,NVDA,BUY,LIMIT,150.21,200,223,1051
1764298944654,NVDA,SELL,LIMIT,150.23,200,224,1056
1764298944693,NVDA,BUY,LIMIT,150.13,2000,225,1013
1764298944697,NVDA,SELL,MARKET,0.0,100,226,1057
1764298944738,NVDA,BUY,MARKET,0.0,5000,227,1029
1764298944749,NVDA,BUY,LIMIT,150.28,200,228,1015
1764298944787,NVDA,BUY,LIMIT,150.3,5000,229,1021
1764298944883,NVDA,SELL,LIMIT,150.45,1000,230,1075
1764298944936,NVDA,BUY,LIMIT,150.34,2000,231,1087
1764298945002,NVDA,SELL,MARKET,0.0,200,232,1092
1764298945008,NVDA,BUY,LIMIT,150.27,500,233,1004
1764298945052,NVDA,SELL,LIMIT,150.43,100,234,1086
1764298945112,NVDA,SELL,LIMIT,150.36,200,235,1024
1764298945126,NVDA,SELL,MARKET,0.0,100,236,1063
1764298945221,NVDA,SELL,MARKET,0.0,200,237,1089
1764298945315,NVDA,SELL,LIMIT,150.48,200,238,1028
1764298945403,NVDA,BUY,LIMIT,150.47,100,239,1054
1764298945492,NVDA,SELL,MARKET,0.0,500,240,1034
1764298945534,NVDA,SELL,MARKET,0.0,5000,241,1063
1764298945575,NVDA,SELL,LIMIT,150.47,200,242,1080
1764298945596,NVDA,BUY,LIMIT,150.35,500,243,1100
1764298945680,NVDA,BUY,LIMIT,150.42,200,244,1090
1764298945699,NVDA,SELL,LIMIT,150.58,2000,245,1096
1764298945792,NVDA,BUY,MARKET,0.0,5000,246,1060
1764298945874,NVDA,SELL,LIMIT,150.61,500,247,1025
1764298945908,NVDA,BUY,LIMIT,150.58,100,248,1024
1764298945988,NVDA,SELL,MARKET,0.0,2000,249,1011
1764298946015,NVDA,SELL,LIMIT,150.59,1000,250,1015
1764298946016,NVDA,BUY,LIMIT,150.46,2000,251,1039
1764298946069,NVDA,BUY,LIMIT,150.4,2000,252,1080
1764298946158,NVDA,BUY,LIMIT,150.34,200,253,1066
1764298946159,NVDA,BUY,LIMIT,150.37,100,254,1045
1764298946170,NVDA,SELL,LIMIT,150.47,100,255,1046
1764298946255,NVDA,BUY,LIMIT,150.42,200,256,1066
1764298946310,NVDA,SELL,LIMIT,150.55,200,257,1088
1764298946323,NVDA,SELL,LIMIT,150.58,5000,258,1061
1764298946337,NVDA,SELL,MARKET,0.0,1000,259,1017
1764298946415,NVDA,BUY,LIMIT,150.54,1000,260,1058
1764298946481,NVDA,SELL,LIMIT,150.77,2000,261,1041
1764298946545,NVDA,BUY,LIMIT,150.64,500,262,1001
1764298946565,NVDA,SELL,LIMIT,150.83,200,263,1055
1764298946594,NVDA,BUY,LIMIT,150.72,1000,264,1001
1764298946675,NVDA,SELL,MARKET,0.0,200,265,1044
1764298946705,NVDA,BUY,MARKET,0.0,200,266,1085
1764298946778,NVDA,BUY,LIMIT,150.8,2000,267,1002
1764298946858,NVDA,SELL,LIMIT,151.01,1000,268,1055
1764298946896,NVDA,BUY,LIMIT,150.91,200,269,1010
1764298946909,NVDA,SELL,LIMIT,151.06,200,270,1069
1764298947009,NVDA,SELL,MARKET,0.0,1000,271,1068
1764298947072,NVDA,SELL,LIMIT,150.84,1000,272,1050
1764298947097,NVDA,BUY,LIMIT,150.77,1000,273,1071
1764298947157,NVDA,SELL,MARKET,0.0,500,274,1032
1764298947256,NVDA,BUY,LIMIT,150.81,2000,275,1037
1764298947283,NVDA,BUY,LIMIT,150.72,2000,276,1002
1764298947352,NVDA,BUY,MARKET,0.0,200,277,1049
1764298947451,NVDA,BUY,LIMIT,150.79,500,278,1010
1764298947508,NVDA,BUY,LIMIT,150.87,2000,279,1098
1764298947564,NVDA,BUY,LIMIT,150.83,200,280,1004
1764298947630,NVDA,SELL,MARKET,0.0,100,281,1051
1764298947667,NVDA,SELL,MARKET,0.0,2000,282,1002
1764298947675,NVDA,BUY,LIMIT,150.73,2000,283,1095
1764298947744,NVDA,BUY,LIMIT,150.65,500,284,1099
1764298947826,NVDA,SELL,LIMIT,150.89,200,285,1050
1764298947845,NVDA,SELL,LIMIT,150.85,2000,286,1033
1764298947899,NVDA,BUY,LIMIT,150.78,1000,287,1084
1764298947972,NVDA,SELL,LIMIT,150.82,2000,288,1035
1764298948043,NVDA,BUY,LIMIT,150.77,5000,289,1048
1764298948133,NVDA,SELL,MARKET,0.0,5000,290,1000
1764298948201,NVDA,SELL,LIMIT,150.83,2000,291,1018
1764298948268,NVDA,BUY,LIMIT,150.82,500,292,1001
1764298948319,NVDA,BUY,LIMIT,150.76,1000,293,1100
1764298948409,NVDA,SELL,MARKET,0.0,1000,294,1073
1764298948485,NVDA,SELL,LIMIT,150.9,5000,295,1023
1764298948495,NVDA,SELL,LIMIT,150.9,1000,296,1022
1764298948510,NVDA,SELL,LIMIT,150.94,100,297,1015
1764298948527,NVDA,SELL,LIMIT,151.0,500,298,1045
1764298948582,NVDA,SELL,LIMIT,151.04,100,299,1043
1764298948670,NVDA,SELL,MARKET,0.0,200,300,1004
1764298948731,NVDA,BUY,LIMIT,150.87,5000,301,1057
1764298948831,NVDA,BUY,LIMIT,150.82,2000,302,1077
1764298948908,NVDA,SELL,LIMIT,151.01,5000,303,1096
1764298948998,NVDA,BUY,MARKET,0.0,200,304,1066
1764298949005,NVDA,BUY,LIMIT,150.9,5000,305,1009
1764298949029,NVDA,SELL,MARKET,0.0,100,306,1037
1764298949072,NVDA,BUY,LIMIT,150.9,200,307,1097
1764298949124,NVDA,BUY,MARKET,0.0,2000,308,1063
1764298949187,NVDA,BUY,LIMIT,150.82,200,309,1052
1764298949232,NVDA,SELL,LIMIT,150.97,2000,310,1036
1764298949243,NVDA,BUY,LIMIT,150.78,500,311,1099
1764298949314,NVDA,SELL,MARKET,0.0,100,312,1073
1764298949321,NVDA,SELL,LIMIT,150.8,5000,313,1017
1764298949415,NVDA,SELL,LIMIT,150.79,1000,314,1067
1764298949479,NVDA,BUY,MARKET,0.0,2000,315,1070
1764298949544,NVDA,BUY,LIMIT,150.7,2000,316,1075
1764298949612,NVDA,SELL,LIMIT,150.86,1000,317,1097
1764298949641,NVDA,SELL,LIMIT,150.86,2000,318,1097
1764298949667,NVDA,BUY,MARKET,0.0,2000,319,1027
1764298949744,NVDA,SELL,MARKET,0.0,200,320,1036
1764298949820,NVDA,BUY,LIMIT,150.88,100,321,1088
1764298949882,NVDA,SELL,LIMIT,150.9,1000,322,1078
1764298949891,NVDA,SELL,LIMIT,150.89,5000,323,1096
1764298949898,NVDA,BUY,LIMIT,150.92,500,324,1098
1764298949990,NVDA,BUY,LIMIT,150.78,200,325,1095
1764298950069,NVDA,BUY,LIMIT,150.66,100,326,1035
1764298950153,NVDA,SELL,LIMIT,150.83,1000,327,1031
1764298950191,NVDA,BUY,LIMIT,150.6,500,328,1022
1764298950259,NVDA,SELL,LIMIT,150.69,100,329,1043
1764298950324,NVDA,SELL,LIMIT,150.66,200,330,1098
1764298950340,NVDA,BUY,LIMIT,150.5,1000,331,1015
1764298950436,NVDA,SELL,LIMIT,150.57,200,332,1034
1764298950494,NVDA,SELL,MARKET,0.0,2000,333,1065
1764298950577,NVDA,SELL,MARKET,0.0,200,334,1023
1764298950629,NVDA,BUY,MARKET,0.0,5000,335,1058
1764298950640,NVDA,BUY,LIMIT,150.48,100,336,1004
1764298950690,NVDA,BUY,MARKET,0.0,2000,337,1026
1764298950726,NVDA,SELL,LIMIT,150.49,500,338,1013
1764298950791,NVDA,BUY,LIMIT,150.37,2000,339,1063
1764298950797,NVDA,SELL,LIMIT,150.37,5000,340,1050
1764298950828,NVDA,SELL,LIMIT,150.3,200,341,1065
1764298950839,NVDA,SELL,LIMIT,150.23,5000,342,1010
1764298950894,NVDA,BUY,MARKET,0.0,5000,343,1052
1764298950935,NVDA,BUY,LIMIT,150.16,5000,344,1039
1764298951012,NVDA,SELL,LIMIT,150.32,200,345,1091
1764298951062,NVDA,BUY,LIMIT,150.21,200,346,1011
1764298951130,NVDA,SELL,MARKET,0.0,200,347,1050
1764298951211,NVDA,SELL,LIMIT,150.23,500,348,1099
1764298951254,NVDA,BUY,LIMIT,150.08,5000,349,1072
1764298951292,NVDA,SELL,MARKET,0.0,1000,350,1025
1764298951376,NVDA,SELL,LIMIT,150.3,500,351,1059
1764298951434,NVDA,SELL,LIMIT,150.29,200,352,1095
1764298951491,NVDA,SELL,LIMIT,150.19,5000,353,1047
1764298951497,NVDA,SELL,LIMIT,150.17,2000,354,1013
1764298951512,NVDA,BUY,LIMIT,150.1,1000,355,1006
1764298951595,NVDA,SELL,LIMIT,150.34,100,356,1011
1764298951661,NVDA,BUY,LIMIT,150.14,200,357,1023
1764298951727,NVDA,BUY,MARKET,0.0,5000,358,1004
1764298951823,NVDA,SELL,LIMIT,150.37,2000,359,1077
1764298951877,NVDA,SELL,LIMIT,150.45,2000,360,1009
1764298951925,NVDA,SELL,LIMIT,150.49,200,361,1016
1764298951966,NVDA,BUY,LIMIT,150.45,500,362,1063
1764298952055,NVDA,SELL,LIMIT,150.54,500,363,1021
1764298952070,NVDA,BUY,LIMIT,150.47,200,364,1043
1764298952089,NVDA,SELL,LIMIT,150.65,100,365,1024
1764298952161,NVDA,BUY,MARKET,0.0,500,366,1083
1764298952165,NVDA,SELL,MARKET,0.0,5000,367,1098
1764298952265,NVDA,SELL,LIMIT,150.77,1000,368,1094
1764298952333,NVDA,BUY,MARKET,0.0,100,369,1004
1764298952334,NVDA,SELL,LIMIT,150.77,1000,370,1009
1764298952345,NVDA,BUY,LIMIT,150.63,1000,371,1020
1764298952442,NVDA,BUY,LIMIT,150.64,2000,372,1063
1764298952522,NVDA,BUY,LIMIT,150.58,200,373,1031
1764298952592,NVDA,SELL,MARKET,0.0,500,374,1002
1764298952691,NVDA,SELL,LIMIT,150.64,500,375,1006
1764298952788,NVDA,SELL,LIMIT,150.6,1000,376,1003
1764298952832,NVDA,BUY,LIMIT,150.56,500,377,1001
1764298952900,NVDA,SELL,MARKET,0.0,5000,378,1096
1764298952952,NVDA,BUY,LIMIT,150.5,500,379,1091
1764298953030,NVDA,SELL,LIMIT,150.76,1000,380,1060
1764298953079,NVDA,SELL,LIMIT,150.68,100,381,1019
1764298953163,NVDA,BUY,MARKET,0.0,100,382,1064
1764298953189,NVDA,SELL,LIMIT,150.49,1000,383,1083
1764298953200,NVDA,SELL,LIMIT,150.49,500,384,1047
1764298953292,NVDA,SELL,LIMIT,150.42,100,385,1033
1764298953332,NVDA,BUY,LIMIT,150.4,500,386,1044
1764298953397,NVDA,BUY,LIMIT,150.35,2000,387,1045
1764298953480,NVDA,SELL,LIMIT,150.51,2000,388,1050
1764298953530,NVDA,BUY,LIMIT,150.5,100,389,1034
1764298953611,NVDA,SELL,LIMIT,150.53,100,390,1058
1764298953681,NVDA,BUY,LIMIT,150.51,500,391,1051
1764298953759,NVDA,SELL,MARKET,0.0,1000,392,1066
1764298953852,NVDA,SELL,LIMIT,150.64,2000,393,1082
1764298953926,NVDA,BUY,LIMIT,150.54,1000,394,1002
1764298954023,NVDA,SELL,MARKET,0.0,500,395,1027
1764298954086,NVDA,BUY,LIMIT,150.6,2000,396,1074
1764298954152,NVDA,SELL,MARKET,0.0,5000,397,1059
1764298954202,NVDA,SELL,MARKET,0.0,500,398,1043
1764298954228,NVDA,SELL,LIMIT,150.53,200,399,1078
1764298954279,NVDA,BUY,LIMIT,150.5,5000,400,1014
1764298954331,NVDA,SELL,MARKET,0.0,200,401,1026
1764298954426,NVDA,BUY,LIMIT,150.48,100,402,1073
1764298954470,NVDA,SELL,LIMIT,150.52,500,403,1063
1764298954488,NVDA,BUY,LIMIT,150.38,5000,404,1026
1764298954578,NVDA,BUY,LIMIT,150.45,200,405,1093
1764298954594,NVDA,SELL,LIMIT,150.54,100,406,1082
1764298954684,NVDA,SELL,LIMIT,150.53,500,407,1083
1764298954688,NVDA,BUY,LIMIT,150.36,2000,408,1019
1764298954734,NVDA,SELL,LIMIT,150.5,2000,409,1027
1764298954823,NVDA,BUY,MARKET,0.0,200,410,1018
1764298954903,NVDA,SELL,MARKET,0.0,500,411,1064
1764298954959,NVDA,BUY,LIMIT,150.53,2000,412,1084
1764298954971,NVDA,SELL,LIMIT,150.61,5000,413,1043
1764298954996,NVDA,SELL,LIMIT,150.74,100,414,1021
1764298955040,NVDA,BUY,MARKET,0.0,100,415,1089
1764298955086,NVDA,BUY,LIMIT,150.6,200,416,1050
1764298955107,NVDA,SELL,LIMIT,150.69,2000,417,1043
1764298955191,NVDA,SELL,LIMIT,150.6,100,418,1012
1764298955235,NVDA,BUY,LIMIT,150.56,2000,419,1029
1764298955282,NVDA,SELL,LIMIT,150.67,5000,420,1009
1764298955301,NVDA,BUY,LIMIT,150.62,5000,421,1003
1764298955363,NVDA,SELL,LIMIT,150.65,5000,422,1074
1764298955373,NVDA,SELL,LIMIT,150.64,1000,423,1000
1764298955405,NVDA,SELL,MARKET,0.0,2000,424,1006
1764298955501,NVDA,SELL,LIMIT,150.69,500,425,1074
1764298955567,NVDA,SELL,LIMIT,150.75,500,426,1011
1764298955587,NVDA,SELL,LIMIT,150.85,200,427,1075
1764298955615,NVDA,SELL,LIMIT,150.89,100,428,1085
1764298955643,NVDA,BUY,LIMIT,150.9,200,429,1094
1764298955715,NVDA,SELL,LIMIT,150.98,2000,430,1019
1764298955746,NVDA,SELL,LIMIT,151.04,200,431,1076
1764298955834,NVDA,BUY,LIMIT,150.88,500,432,1009
1764298955913,NVDA,BUY,MARKET,0.0,5000,433,1070
1764298955994,NVDA,SELL,MARKET,0.0,2000,434,1056
1764298956022,NVDA,SELL,LIMIT,150.97,5000,435,1043
1764298956122,NVDA,SELL,LIMIT,150.88,200,436,1002
1764298956152,NVDA,BUY,LIMIT,150.77,500,437,1038
1764298956180,NVDA,BUY,LIMIT,150.81,2000,438,1046
1764298956228,NVDA,SELL,LIMIT,150.83,5000,439,1052
1764298956241,NVDA,BUY,LIMIT,150.8,2000,440,1064
1764298956317,NVDA,BUY,LIMIT,150.74,5000,441,1041
1764298956408,NVDA,SELL,LIMIT,150.89,500,442,1058
1764298956454,NVDA,BUY,LIMIT,150.83,1000,443,1093
1764298956505,NVDA,SELL,LIMIT,151.05,500,444,1007
1764298956586,NVDA,SELL,MARKET,0.0,100,445,1001
1764298956644,NVDA,SELL,LIMIT,150.85,500,446,1079
1764298956731,NVDA,SELL,LIMIT,150.92,200,447,1064
1764298956793,NVDA,BUY,LIMIT,150.9,200,448,1094
1764298956796,NVDA,SELL,LIMIT,151.05,1000,449,1025
1764298956848,NVDA,SELL,LIMIT,151.08,2000,450,1083
1764298956913,NVDA,SELL,LIMIT,150.99,2000,451,1082
1764298956942,NVDA,SELL,LIMIT,151.03,200,452,1031
1764298957029,NVDA,SELL,LIMIT,150.95,1000,453,1001
1764298957042,NVDA,BUY,LIMIT,150.93,2000,454,1098
1764298957141,NVDA,SELL,LIMIT,150.99,100,455,1034
1764298957185,NVDA,BUY,LIMIT,150.95,500,456,1055
1764298957241,NVDA,SELL,LIMIT,150.99,5000,457,1017
1764298957290,NVDA,BUY,LIMIT,150.93,1000,458,1052
1764298957316,NVDA,BUY,LIMIT,150.92,2000,459,1042
1764298957387,NVDA,BUY,MARKET,0.0,2000,460,1070
1764298957471,NVDA,BUY,LIMIT,150.95,100,461,1065
1764298957496,NVDA,SELL,LIMIT,151.0,500,462,1065
1764298957556,NVDA,SELL,LIMIT,151.05,2000,463,1076
1764298957647,NVDA,BUY,LIMIT,150.97,100,464,1026
1764298957729,NVDA,BUY,LIMIT,150.92,5000,465,1025
1764298957734,NVDA,SELL,LIMIT,151.17,5000,466,1065
1764298957790,NVDA,SELL,LIMIT,151.2,500,467,1045
1764298957795,NVDA,SELL,MARKET,0.0,100,468,1036
1764298957801,NVDA,BUY,LIMIT,151.11,5000,469,1088
1764298957846,NVDA,SELL,LIMIT,151.17,100,470,1058
1764298957873,NVDA,BUY,LIMIT,151.18,1000,471,1034
1764298957911,NVDA,BUY,LIMIT,151.1,100,472,1019
1764298957921,NVDA,SELL,LIMIT,151.32,500,473,1100
1764298957997,NVDA,BUY,MARKET,0.0,1000,474,1073
1764298958076,NVDA,SELL,LIMIT,151.35,100,475,1075
1764298958122,NVDA,SELL,LIMIT,151.47,1000,476,1032
1764298958129,NVDA,BUY,LIMIT,151.42,5000,477,1025
1764298958155,NVDA,BUY,LIMIT,151.3,1000,478,1076
1764298958174,NVDA,BUY,LIMIT,151.3,200,479,1043
1764298958226,NVDA,BUY,LIMIT,151.26,500,480,1037
1764298958240,NVDA,BUY,LIMIT,151.36,100,481,1014
1764298958248,NVDA,SELL,LIMIT,151.47,2000,482,1058
1764298958252,NVDA,BUY,LIMIT,151.34,5000,483,1017
1764298958258,NVDA,BUY,LIMIT,151.33,1000,484,1062
1764298958342,NVDA,SELL,LIMIT,151.51,500,485,1046
1764298958434,NVDA,SELL,LIMIT,151.43,1000,486,1094
1764298958451,NVDA,SELL,LIMIT,151.39,5000,487,1033
1764298958492,NVDA,BUY,LIMIT,151.2,500,488,1026
1764298958586,NVDA,SELL,LIMIT,151.36,100,489,1007
1764298958676,NVDA,SELL,LIMIT,151.5,1000,490,1025
1764298958716,NVDA,SELL,MARKET,0.0,1000,491,1047
1764298958720,NVDA,SELL,LIMIT,151.49,1000,492,1086
1764298958762,NVDA,SELL,LIMIT,151.54,200,493,1096
1764298958807,NVDA,BUY,LIMIT,151.42,5000,494,1013
1764298958837,NVDA,SELL,LIMIT,151.53,2000,495,1000
1764298958877,NVDA,BUY,LIMIT,151.39,2000,496,1007
1764298958929,NVDA,BUY,LIMIT,151.33,1000,497,1043
1764298958964,NVDA,SELL,LIMIT,151.35,1000,498,1040
1764298959008,NVDA,SELL,LIMIT,151.46,5000,499,1085
1764298959089,NVDA,BUY,LIMIT,151.31,1000,500,1098
1764298959109,NVDA,SELL,LIMIT,151.41,1000,501,1024
1764298959138,NVDA,BUY,LIMIT,151.26,5000,502,1041
1764298959185,NVDA,BUY,LIMIT,151.3,2000,503,1057
1764298959237,NVDA,BUY,LIMIT,151.3,5000,504,1031
1764298959262,NVDA,BUY,LIMIT,151.22,200,505,1007
1764298959341,NVDA,SELL,LIMIT,151.43,2000,506,1021
1764298959436,NVDA,SELL,LIMIT,151.45,1000,507,1086
1764298959478,NVDA,BUY,LIMIT,151.37,100,508,1009
1764298959530,NVDA,BUY,LIMIT,151.47,1000,509,1021
1764298959616,NVDA,SELL,MARKET,0.0,5000,510,1057
1764298959670,NVDA,BUY,MARKET,0.0,500,511,1075
1764298959761,NVDA,BUY,MARKET,0.0,200,512,1062
1764298959804,NVDA,SELL,LIMIT,151.52,500,513,1016
1764298959885,NVDA,BUY,LIMIT,151.34,2000,514,1036
1764298959932,NVDA,SELL,MARKET,0.0,100,515,1021
1764298960029,NVDA,BUY,LIMIT,151.35,5000,516,1100
1764298960072,NVDA,SELL,LIMIT,151.51,200,517,1037
1764298960140,NVDA,BUY,LIMIT,151.52,5000,518,1029
1764298960211,NVDA,BUY,MARKET,0.0,2000,519,1088
1764298960310,NVDA,BUY,LIMIT,151.36,500,520,1059
1764298960356,NVDA,BUY,MARKET,0.0,200,521,1082
1764298960372,NVDA,BUY,LIMIT,151.21,200,522,1029
1764298960415,NVDA,SELL,LIMIT,151.24,100,523,1048
1764298960456,NVDA,BUY,LIMIT,151.21,200,524,1024
1764298960521,NVDA,BUY,LIMIT,151.32,2000,525,1087
1764298960579,NVDA,BUY,LIMIT,151.18,5000,526,1100
1764298960646,NVDA,SELL,LIMIT,151.34,2000,527,1094
1764298960668,NVDA,BUY,LIMIT,151.15,5000,528,1077
1764298960745,NVDA,SELL,LIMIT,151.28,200,529,1019
1764298960792,NVDA,BUY,LIMIT,151.12,500,530,1094
1764298960831,NVDA,SELL,MARKET,0.0,200,531,1058
1764298960842,NVDA,SELL,MARKET,0.0,1000,532,1008
1764298960869,NVDA,BUY,LIMIT,151.28,2000,533,1019
1764298960936,NVDA,SELL,LIMIT,151.36,5000,534,1086
1764298961001,NVDA,BUY,LIMIT,151.17,1000,535,1009
1764298961018,NVDA,BUY,LIMIT,151.08,1000,536,1001
1764298961032,NVDA,SELL,MARKET,0.0,1000,537,1007
1764298961081,NVDA,BUY,MARKET,0.0,1000,538,1081
1764298961152,NVDA,SELL,LIMIT,151.16,200,539,1002
1764298961192,NVDA,BUY,LIMIT,151.07,2000,540,1090
1764298961199,NVDA,SELL,LIMIT,151.24,100,541,1080
1764298961263,NVDA,SELL,LIMIT,151.35,100,542,1052
1764298961294,NVDA,BUY,LIMIT,151.16,2000,543,1013
1764298961357,NVDA,BUY,LIMIT,151.09,1000,544,1018
1764298961445,NVDA,BUY,MARKET,0.0,1000,545,1001
1764298961483,NVDA,SELL,LIMIT,151.37,200,546,1031
1764298961554,NVDA,BUY,LIMIT,151.15,2000,547,1076
1764298961597,NVDA,BUY,MARKET,0.0,5000,548,1041
1764298961666,NVDA,BUY,LIMIT,151.24,1000,549,1075
1764298961677,NVDA,BUY,LIMIT,151.25,2000,550,1058
1764298961722,NVDA,SELL,LIMIT,151.26,2000,551,1007
1764298961817,NVDA,BUY,LIMIT,151.1,1000,552,1092
1764298961861,NVDA,BUY,LIMIT,151.08,100,553,1011
1764298961874,NVDA,BUY,MARKET,0.0,5000,554,1088
1764298961921,NVDA,BUY,LIMIT,151.11,500,555,1093
1764298961978,NVDA,BUY,LIMIT,151.06,200,556,1040
1764298962057,NVDA,BUY,LIMIT,151.08,100,557,1098
1764298962127,NVDA,SELL,LIMIT,151.27,5000,558,1026
1764298962208,NVDA,SELL,LIMIT,151.29,1000,559,1090
1764298962285,NVDA,BUY,LIMIT,151.2,5000,560,1046
1764298962322,NVDA,SELL,LIMIT,151.33,500,561,1034
1764298962346,NVDA,BUY,LIMIT,151.25,5000,562,1092
1764298962358,NVDA,SELL,LIMIT,151.37,2000,563,1027
1764298962388,NVDA,BUY,LIMIT,151.23,500,564,1032
1764298962414,NVDA,SELL,LIMIT,151.31,100,565,1058
1764298962478,NVDA,BUY,MARKET,0.0,200,566,1052
1764298962528,NVDA,BUY,MARKET,0.0,2000,567,1021
1764298962570,NVDA,SELL,MARKET,0.0,200,568,1041
1764298962664,NVDA,SELL,LIMIT,151.46,500,569,1042
1764298962755,NVDA,SELL,LIMIT,151.48,2000,570,1025
1764298962843,NVDA,SELL,MARKET,0.0,5000,571,1071
1764298962909,NVDA,BUY,LIMIT,151.45,200,572,1069
1764298962982,NVDA,BUY,LIMIT,151.4,100,573,1053
1764298963071,NVDA,BUY,LIMIT,151.43,2000,574,1046
1764298963157,NVDA,SELL,LIMIT,151.5,1000,575,1015
1764298963163,NVDA,SELL,MARKET,0.0,200,576,1072
1764298963213,NVDA,SELL,LIMIT,151.48,2000,577,1038
1764298963216,NVDA,BUY,MARKET,0.0,200,578,1079
1764298963224,NVDA,SELL,MARKET,0.0,1000,579,1092
1764298963318,NVDA,BUY,LIMIT,151.41,100,580,1009
1764298963376,NVDA,SELL,MARKET,0.0,5000,581,1062
1764298963432,NVDA,BUY,MARKET,0.0,200,582,1002
1764298963474,NVDA,BUY,MARKET,0.0,500,583,1045
1764298963498,NVDA,BUY,LIMIT,151.4,100,584,1003
1764298963594,NVDA,BUY,MARKET,0.0,2000,585,1041
1764298963661,NVDA,SELL,LIMIT,151.5,100,586,1094
1764298963741,NVDA,SELL,LIMIT,151.43,5000,587,1091
1764298963802,NVDA,BUY,LIMIT,151.32,200,588,1045
1764298963874,NVDA,SELL,LIMIT,151.54,100,589,1067
1764298963892,NVDA,BUY,LIMIT,151.35,2000,590,1081
1764298963927,NVDA,SELL,LIMIT,151.47,100,591,1026
1764298963999,NVDA,BUY,MARKET,0.0,500,592,1009
1764298964083,NVDA,SELL,LIMIT,151.48,500,593,1028
1764298964161,NVDA,BUY,LIMIT,151.32,1000,594,1036
1764298964218,NVDA,BUY,LIMIT,151.39,200,595,1068
1764298964292,NVDA,SELL,LIMIT,151.43,500,596,1002
1764298964363,NVDA,SELL,MARKET,0.0,2000,597,1030
1764298964378,NVDA,SELL,LIMIT,151.59,2000,598,1055
1764298964444,NVDA,BUY,LIMIT,151.48,1000,599,1051
1764298964487,NVDA,BUY,LIMIT,151.52,500,600,1066
1764298964568,NVDA,BUY,LIMIT,151.55,200,601,1066
1764298964599,NVDA,SELL,LIMIT,151.59,1000,602,1043
1764298964616,NVDA,SELL,LIMIT,151.68,1000,603,1005
1764298964716,NVDA,SELL,LIMIT,151.62,200,604,1019
1764298964721,NVDA,BUY,MARKET,0.0,2000,605,1100
1764298964798,NVDA,BUY,LIMIT,151.64,1000,606,1047
1764298964869,NVDA,SELL,MARKET,0.0,100,607,1031
1764298964891,NVDA,BUY,LIMIT,151.56,100,608,1044
1764298964941,NVDA,SELL,LIMIT,151.79,500,609,1084
1764298964963,NVDA,BUY,LIMIT,151.66,5000,610,1005
1764298964993,NVDA,SELL,LIMIT,151.9,5000,611,1080
1764298965077,NVDA,SELL,MARKET,0.0,500,612,1098
1764298965148,NVDA,BUY,LIMIT,151.76,5000,613,1042
1764298965194,NVDA,BUY,LIMIT,151.76,5000,614,1075
1764298965292,NVDA,SELL,LIMIT,151.8,500,615,1051
1764298965294,NVDA,SELL,LIMIT,151.91,2000,616,1055
1764298965329,NVDA,BUY,LIMIT,151.72,2000,617,1020
1764298965378,NVDA,SELL,MARKET,0.0,2000,618,1040
1764298965449,NVDA,BUY,LIMIT,151.59,2000,619,1044
1764298965549,NVDA,BUY,MARKET,0.0,500,620,1086
1764298965585,NVDA,SELL,LIMIT,151.73,2000,621,1092
1764298965651,NVDA,BUY,MARKET,0.0,100,622,1021
1764298965716,NVDA,SELL,MARKET,0.0,5000,623,1012
1764298965799,NVDA,BUY,LIMIT,151.63,5000,624,1042
1764298965808,NVDA,SELL,LIMIT,151.73,1000,625,1029
1764298965846,NVDA,SELL,LIMIT,151.65,1000,626,1012
1764298965891,NVDA,SELL,MARKET,0.0,5000,627,1082
1764298965897,NVDA,SELL,MARKET,0.0,5000,628,1040
1764298965967,NVDA,BUY,MARKET,0.0,5000,629,1092
1764298966064,NVDA,BUY,LIMIT,151.55,2000,630,1034
1764298966145,NVDA,SELL,LIMIT,151.69,200,631,1004
1764298966165,NVDA,BUY,LIMIT,151.69,1000,632,1041
1764298966208,NVDA,SELL,LIMIT,151.8,200,633,1028
1764298966222,NVDA,BUY,LIMIT,151.62,1000,634,1063
1764298966293,NVDA,SELL,MARKET,0.0,2000,635,1053
1764298966300,NVDA,BUY,LIMIT,151.52,1000,636,1095
1764298966383,NVDA,BUY,LIMIT,151.43,1000,637,1100
1764298966420,NVDA,BUY,LIMIT,151.4,200,638,1095
1764298966447,NVDA,SELL,LIMIT,151.42,5000,639,1057
1764298966491,NVDA,SELL,MARKET,0.0,100,640,1096
1764298966558,NVDA,SELL,LIMIT,151.5,500,641,1088
1764298966641,NVDA,BUY,LIMIT,151.28,200,642,1045
1764298966693,NVDA,BUY,LIMIT,151.32,5000,643,1069
1764298966736,NVDA,BUY,MARKET,0.0,100,644,1024
1764298966833,NVDA,SELL,LIMIT,151.32,2000,645,1091
1764298966840,NVDA,SELL,LIMIT,151.42,500,646,1088
1764298966865,NVDA,BUY,MARKET,0.0,200,647,1029
1764298966866,NVDA,SELL,LIMIT,151.26,200,648,1050
1764298966900,NVDA,BUY,LIMIT,151.22,500,649,1074
1764298966932,NVDA,BUY,LIMIT,151.23,100,650,1038
1764298966978,NVDA,SELL,LIMIT,151.23,1000,651,1025
1764298967077,NVDA,SELL,LIMIT,151.29,500,652,1036
1764298967150,NVDA,BUY,LIMIT,151.22,500,653,1058
1764298967209,NVDA,BUY,LIMIT,151.25,200,654,1060
1764298967220,NVDA,BUY,LIMIT,151.36,500,655,1098
1764298967320,NVDA,BUY,MARKET,0.0,2000,656,1063
1764298967327,NVDA,BUY,LIMIT,151.3,5000,657,1092
1764298967411,NVDA,SELL,LIMIT,151.45,100,658,1039
1764298967443,NVDA,BUY,LIMIT,151.4,500,659,1083
1764298967447,NVDA,BUY,LIMIT,151.5,200,660,1028
1764298967462,NVDA,SELL,LIMIT,151.55,5000,661,1011
1764298967515,NVDA,SELL,MARKET,0.0,2000,662,1083
1764298967534,NVDA,BUY,LIMIT,151.56,5000,663,1016
1764298967549,NVDA,BUY,LIMIT,151.69,200,664,1054
1764298967577,NVDA,SELL,LIMIT,151.78,100,665,1035
1764298967597,NVDA,SELL,LIMIT,151.79,200,666,1056
1764298967605,NVDA,BUY,LIMIT,151.57,100,667,1023
1764298967649,NVDA,BUY,LIMIT,151.51,200,668,1051
1764298967683,NVDA,SELL,MARKET,0.0,1000,669,1064
1764298967765,NVDA,SELL,LIMIT,151.57,200,670,1081
1764298967806,NVDA,SELL,LIMIT,151.7,2000,671,1076
1764298967896,NVDA,SELL,LIMIT,151.64,100,672,1032
1764298967938,NVDA,SELL,LIMIT,151.65,100,673,1064
1764298967958,NVDA,SELL,LIMIT,151.52,500,674,1017
1764298967986,NVDA,BUY,LIMIT,151.5,100,675,1046
1764298968041,NVDA,BUY,LIMIT,151.44,200,676,1005
1764298968075,NVDA,SELL,MARKET,0.0,1000,677,1020
1764298968134,NVDA,SELL,LIMIT,151.5,200,678,1096
1764298968225,NVDA,BUY,LIMIT,151.42,1000,679,1090
1764298968265,NVDA,BUY,LIMIT,151.33,2000,680,1095
1764298968363,NVDA,BUY,LIMIT,151.21,1000,681,1071
1764298968366,NVDA,BUY,LIMIT,151.23,500,682,1094
1764298968371,NVDA,SELL,LIMIT,151.43,1000,683,1009
1764298968387,NVDA,BUY,LIMIT,151.32,100,684,1066
1764298968414,NVDA,SELL,MARKET,0.0,200,685,1031
1764298968463,NVDA,SELL,LIMIT,151.59,100,686,1062
1764298968509,NVDA,BUY,LIMIT,151.39,100,687,1015
1764298968512,NVDA,BUY,LIMIT,151.32,100,688,1012
1764298968566,NVDA,BUY,LIMIT,151.29,200,689,1049
1764298968661,NVDA,SELL,MARKET,0.0,100,690,1053
1764298968687,NVDA,BUY,LIMIT,151.23,2000,691,1008
1764298968773,NVDA,BUY,MARKET,0.0,2000,692,1038
1764298968845,NVDA,SELL,LIMIT,151.23,2000,693,1084
1764298968907,NVDA,BUY,LIMIT,151.21,100,694,1040
1764298968919,NVDA,BUY,LIMIT,151.29,5000,695,1082
1764298968921,NVDA,BUY,LIMIT,151.41,2000,696,1025
1764298969010,NVDA,BUY,LIMIT,151.4,500,697,1058
1764298969052,NVDA,SELL,LIMIT,151.43,500,698,1009
1764298969089,NVDA,BUY,LIMIT,151.34,500,699,1078
1764298969185,NVDA,SELL,LIMIT,151.4,200,700,1052
1764298969282,NVDA,SELL,LIMIT,151.43,1000,701,1070
1764298969327,NVDA,SELL,LIMIT,151.48,2000,702,1039
1764298969382,NVDA,SELL,LIMIT,151.39,200,703,1020
1764298969431,NVDA,SELL,LIMIT,151.46,100,704,1046
1764298969443,NVDA,BUY,LIMIT,151.35,1000,705,1067
1764298969480,NVDA,BUY,MARKET,0.0,5000,706,1070
1764298969501,NVDA,SELL,LIMIT,151.57,1000,707,1060
1764298969539,NVDA,SELL,LIMIT,151.67,200,708,1012
1764298969574,NVDA,SELL,LIMIT,151.72,5000,709,1009
1764298969610,NVDA,BUY,LIMIT,151.65,5000,710,1026
1764298969623,NVDA,BUY,LIMIT,151.67,100,711,1033
1764298969678,NVDA,BUY,LIMIT,151.71,5000,712,1087
1764298969747,NVDA,SELL,LIMIT,151.84,500,713,1081
1764298969778,NVDA,SELL,LIMIT,151.95,500,714,1049
1764298969794,NVDA,SELL,LIMIT,151.89,500,715,1097
1764298969862,NVDA,SELL,LIMIT,151.94,100,716,1049
1764298969959,NVDA,SELL,LIMIT,151.86,500,717,1077
1764298970047,NVDA,SELL,MARKET,0.0,500,718,1097
1764298970082,NVDA,SELL,LIMIT,152.02,100,719,1041
1764298970117,NVDA,SELL,MARKET,0.0,100,720,1078
1764298970175,NVDA,SELL,LIMIT,151.89,2000,721,1014
1764298970177,NVDA,BUY,LIMIT,151.69,2000,722,1097
1764298970230,NVDA,SELL,MARKET,0.0,500,723,1042
1764298970255,NVDA,SELL,LIMIT,151.85,200,724,1023
1764298970285,NVDA,SELL,MARKET,0.0,1000,725,1037
1764298970324,NVDA,SELL,LIMIT,151.84,1000,726,1099
1764298970385,NVDA,SELL,LIMIT,151.74,100,727,1021
1764298970453,NVDA,BUY,LIMIT,151.6,200,728,1014
1764298970523,NVDA,SELL,MARKET,0.0,1000,729,1028
1764298970599,NVDA,SELL,LIMIT,151.76,2000,730,1022
1764298970633,NVDA,SELL,MARKET,0.0,1000,731,1075
1764298970674,NVDA,BUY,LIMIT,151.57,200,732,1086
1764298970703,NVDA,BUY,LIMIT,151.6,100,733,1078
1764298970740,NVDA,BUY,LIMIT,151.55,5000,734,1063
1764298970818,NVDA,SELL,LIMIT,151.75,100,735,1021
1764298970884,NVDA,BUY,LIMIT,151.58,5000,736,1016
1764298970956,NVDA,BUY,MARKET,0.0,500,737,1046
1764298971036,NVDA,BUY,MARKET,0.0,200,738,1088
1764298971081,NVDA,BUY,LIMIT,151.76,200,739,1041
1764298971154,NVDA,BUY,MARKET,0.0,200,740,1061
1764298971160,NVDA,BUY,LIMIT,151.57,5000,741,1029
1764298971164,NVDA,SELL,MARKET,0.0,1000,742,1096
1764298971237,NVDA,SELL,MARKET,0.0,1000,743,1013
1764298971329,NVDA,SELL,MARKET,0.0,500,744,1038
1764298971334,NVDA,SELL,LIMIT,151.64,2000,745,1002
1764298971345,NVDA,BUY,MARKET,0.0,200,746,1040
1764298971433,NVDA,SELL,LIMIT,151.57,5000,747,1046
1764298971457,NVDA,SELL,MARKET,0.0,5000,748,1006
1764298971471,NVDA,BUY,LIMIT,151.42,2000,749,1063
1764298971571,NVDA,BUY,MARKET,0.0,2000,750,1086
1764298971574,NVDA,BUY,LIMIT,151.47,5000,751,1091
1764298971585,NVDA,SELL,LIMIT,151.46,1000,752,1057
1764298971680,NVDA,SELL,LIMIT,151.51,2000,753,1033
1764298971706,NVDA,BUY,LIMIT,151.37,200,754,1000
1764298971757,NVDA,BUY,LIMIT,151.35,200,755,1050
1764298971857,NVDA,BUY,LIMIT,151.43,100,756,1021
1764298971923,NVDA,SELL,LIMIT,151.53,5000,757,1064
1764298971941,NVDA,SELL,LIMIT,151.66,1000,758,1055
1764298971996,NVDA,SELL,LIMIT,151.59,500,759,1064
1764298972089,NVDA,BUY,LIMIT,151.55,1000,760,1037
1764298972122,NVDA,SELL,LIMIT,151.65,500,761,1038
1764298972128,NVDA,SELL,LIMIT,151.67,100,762,1070
1764298972163,NVDA,BUY,MARKET,0.0,2000,763,1039
1764298972212,NVDA,SELL,LIMIT,151.68,2000,764,1073
1764298972305,NVDA,SELL,LIMIT,151.68,2000,765,1099
1764298972399,NVDA,BUY,LIMIT,151.58,200,766,1016
1764298972466,NVDA,SELL,MARKET,0.0,2000,767,1019
1764298972490,NVDA,BUY,LIMIT,151.61,100,768,1071
1764298972580,NVDA,BUY,MARKET,0.0,5000,769,1078
1764298972593,NVDA,SELL,LIMIT,151.6,100,770,1000
1764298972625,NVDA,BUY,LIMIT,151.58,500,771,1031
1764298972709,NVDA,BUY,MARKET,0.0,500,772,1069
1764298972737,NVDA,SELL,LIMIT,151.7,500,773,1074
1764298972787,NVDA,BUY,MARKET,0.0,100,774,1043
1764298972804,NVDA,BUY,LIMIT,151.6,1000,775,1042
1764298972871,NVDA,SELL,LIMIT,151.71,500,776,1086
1764298972873,NVDA,BUY,LIMIT,151.59,200,777,1088
1764298972949,NVDA,BUY,MARKET,0.0,100,778,1006
1764298973035,NVDA,BUY,LIMIT,151.47,200,779,1068
1764298973100,NVDA,BUY,LIMIT,151.44,100,780,1092
1764298973114,NVDA,SELL,LIMIT,151.61,200,781,1076
1764298973180,NVDA,BUY,MARKET,0.0,1000,782,1069
1764298973240,NVDA,SELL,LIMIT,151.4,5000,783,1024
1764298973265,NVDA,SELL,LIMIT,151.4,100,784,1081
1764298973300,NVDA,SELL,LIMIT,151.34,100,785,1032
1764298973359,NVDA,SELL,LIMIT,151.45,2000,786,1055
1764298973373,NVDA,BUY,MARKET,0.0,200,787,1057
1764298973455,NVDA,SELL,LIMIT,151.3,5000,788,1049
1764298973486,NVDA,SELL,LIMIT,151.37,200,789,1071
1764298973521,NVDA,BUY,LIMIT,151.39,2000,790,1076
1764298973608,NVDA,BUY,LIMIT,151.5,100,791,1077
1764298973683,NVDA,BUY,LIMIT,151.54,5000,792,1086
1764298973747,NVDA,SELL,LIMIT,151.76,5000,793,1038
1764298973788,NVDA,BUY,LIMIT,151.59,5000,794,1072
1764298973831,NVDA,SELL,MARKET,0.0,100,795,1011
1764298973905,NVDA,BUY,LIMIT,151.41,100,796,1059
1764298973908,NVDA,BUY,LIMIT,151.49,100,797,1043
1764298973939,NVDA,BUY,LIMIT,151.57,5000,798,1081
1764298974018,NVDA,BUY,LIMIT,151.5,2000,799,1056
1764298974103,NVDA,SELL,LIMIT,151.65,200,800,1011
1764298974176,NVDA,SELL,LIMIT,151.72,200,801,1010
1764298974269,NVDA,BUY,LIMIT,151.49,100,802,1060
1764298974290,NVDA,BUY,LIMIT,151.62,5000,803,1089
1764298974375,NVDA,SELL,LIMIT,151.63,1000,804,1074
1764298974436,NVDA,SELL,MARKET,0.0,1000,805,1017
1764298974447,NVDA,BUY,LIMIT,151.4,100,806,1046
1764298974513,NVDA,SELL,MARKET,0.0,500,807,1091
1764298974574,NVDA,SELL,LIMIT,151.67,100,808,1007
1764298974615,NVDA,BUY,LIMIT,151.59,100,809,1093
1764298974647,NVDA,SELL,LIMIT,151.66,2000,810,1007
1764298974703,NVDA,BUY,LIMIT,151.42,200,811,1069
1764298974777,NVDA,SELL,LIMIT,151.48,200,812,1036
1764298974788,NVDA,BUY,LIMIT,151.4,100,813,1050
1764298974832,NVDA,SELL,LIMIT,151.48,500,814,1060
1764298974884,NVDA,SELL,LIMIT,151.38,200,815,1030
1764298974892,NVDA,BUY,LIMIT,151.33,5000,816,1055
1764298974921,NVDA,BUY,MARKET,0.0,1000,817,1033
1764298975008,NVDA,BUY,MARKET,0.0,1000,818,1065
1764298975015,NVDA,SELL,LIMIT,151.49,100,819,1010
1764298975042,NVDA,BUY,LIMIT,151.36,5000,820,1092
1764298975083,NVDA,BUY,LIMIT,151.49,2000,821,1082
1764298975159,NVDA,BUY,LIMIT,151.41,1000,822,1058
1764298975194,NVDA,BUY,LIMIT,151.32,200,823,1078
1764298975218,NVDA,BUY,LIMIT,151.47,200,824,1067
1764298975231,NVDA,BUY,MARKET,0.0,2000,825,1094
1764298975312,NVDA,BUY,LIMIT,151.35,200,826,1072
1764298975316,NVDA,SELL,LIMIT,151.4,100,827,1088
1764298975403,NVDA,BUY,LIMIT,151.24,100,828,1054
1764298975428,NVDA,BUY,LIMIT,151.26,5000,829,1034
1764298975461,NVDA,SELL,LIMIT,151.47,100,830,1012
1764298975517,NVDA,SELL,MARKET,0.0,2000,831,1039
1764298975545,NVDA,SELL,LIMIT,151.37,2000,832,1017
1764298975570,NVDA,BUY,LIMIT,151.35,100,833,1081
1764298975597,NVDA,SELL,LIMIT,151.35,200,834,1018
1764298975643,NVDA,SELL,LIMIT,151.36,500,835,1044
1764298975725,NVDA,SELL,LIMIT,151.3,2000,836,1048
1764298975755,NVDA,SELL,LIMIT,151.25,500,837,1094
1764298975848,NVDA,BUY,MARKET,0.0,2000,838,1009
1764298975931,NVDA,BUY,MARKET,0.0,200,839,1073
1764298976013,NVDA,BUY,LIMIT,151.18,500,840,1063
1764298976025,NVDA,BUY,MARKET,0.0,2000,841,1083
1764298976044,NVDA,SELL,LIMIT,151.2,1000,842,1080
1764298976053,NVDA,BUY,MARKET,0.0,100,843,1024
1764298976089,NVDA,BUY,LIMIT,151.09,5000,844,1022
1764298976164,NVDA,SELL,MARKET,0.0,200,845,1080
1764298976203,NVDA,SELL,LIMIT,151.22,500,846,1051
1764298976210,NVDA,BUY,LIMIT,151.2,100,847,1051
1764298976283,NVDA,SELL,LIMIT,151.35,1000,848,1075
1764298976329,NVDA,BUY,MARKET,0.0,500,849,1061
1764298976364,NVDA,SELL,MARKET,0.0,5000,850,1071
1764298976412,NVDA,SELL,LIMIT,151.31,5000,851,1020
1764298976462,NVDA,BUY,LIMIT,151.22,200,852,1034
1764298976546,NVDA,BUY,MARKET,0.0,100,853,1088
1764298976569,NVDA,BUY,LIMIT,151.25,500,854,1069
1764298976638,NVDA,BUY,LIMIT,151.26,100,855,1020
1764298976735,NVDA,SELL,LIMIT,151.33,200,856,1070
1764298976795,NVDA,SELL,LIMIT,151.31,5000,857,1093
1764298976848,NVDA,SELL,LIMIT,151.16,1000,858,1037
1764298976943,NVDA,SELL,LIMIT,151.05,2000,859,1063
1764298977021,NVDA,BUY,LIMIT,151.03,200,860,1006
1764298977088,NVDA,SELL,LIMIT,151.2,500,861,1013
1764298977182,NVDA,SELL,LIMIT,151.3,500,862,1000
1764298977237,NVDA,SELL,LIMIT,151.23,200,863,1058
1764298977285,NVDA,SELL,LIMIT,151.23,2000,864,1082
1764298977317,NVDA,SELL,LIMIT,151.28,100,865,1063
1764298977406,NVDA,BUY,LIMIT,151.17,2000,866,1036
1764298977500,NVDA,BUY,MARKET,0.0,1000,867,1026
1764298977522,NVDA,BUY,LIMIT,151.11,5000,868,1094
1764298977589,NVDA,BUY,LIMIT,151.1,200,869,1021
1764298977632,NVDA,BUY,LIMIT,151.18,2000,870,1027
1764298977636,NVDA,SELL,LIMIT,151.17,1000,871,1074
1764298977722,NVDA,SELL,LIMIT,151.22,100,872,1077
1764298977733,NVDA,SELL,LIMIT,151.33,200,873,1019
1764298977808,NVDA,SELL,LIMIT,151.25,1000,874,1028
1764298977865,NVDA,BUY,LIMIT,151.02,100,875,1053
1764298977893,NVDA,SELL,MARKET,0.0,5000,876,1022
1764298977895,NVDA,SELL,LIMIT,151.06,1000,877,1015
1764298977994,NVDA,SELL,LIMIT,151.04,200,878,1046
1764298978012,NVDA,SELL,LIMIT,151.01,100,879,1012
1764298978107,NVDA,SELL,LIMIT,151.13,200,880,1066
1764298978157,NVDA,BUY,LIMIT,150.94,100,881,1083
1764298978226,NVDA,BUY,LIMIT,150.9,500,882,1047
1764298978278,NVDA,BUY,LIMIT,150.87,1000,883,1083
1764298978368,NVDA,SELL,LIMIT,150.98,2000,884,1079
1764298978371,NVDA,BUY,MARKET,0.0,1000,885,1099
1764298978459,NVDA,BUY,LIMIT,150.91,500,886,1016
1764298978549,NVDA,SELL,MARKET,0.0,100,887,1044
1764298978615,NVDA,SELL,MARKET,0.0,5000,888,1070
1764298978635,NVDA,SELL,LIMIT,150.91,100,889,1016
1764298978673,NVDA,SELL,LIMIT,150.88,2000,890,1065
1764298978700,NVDA,BUY,LIMIT,150.8,200,891,1018
1764298978708,NVDA,SELL,MARKET,0.0,1000,892,1096
1764298978806,NVDA,BUY,LIMIT,150.77,200,893,1029
1764298978842,NVDA,SELL,MARKET,0.0,5000,894,1014
1764298978937,NVDA,BUY,LIMIT,150.84,500,895,1046
1764298978946,NVDA,BUY,LIMIT,150.75,5000,896,1025
1764298978998,NVDA,BUY,MARKET,0.0,200,897,1006
1764298979077,NVDA,SELL,LIMIT,150.88,5000,898,1064
1764298979174,NVDA,BUY,MARKET,0.0,500,899,1095
1764298979237,NVDA,BUY,LIMIT,150.75,2000,900,1045
1764298979280,NVDA,BUY,LIMIT,150.68,2000,901,1040
1764298979349,NVDA,SELL,MARKET,0.0,200,902,1008
1764298979430,NVDA,BUY,LIMIT,150.73,200,903,1080
1764298979466,NVDA,BUY,MARKET,0.0,200,904,1082
1764298979501,NVDA,BUY,LIMIT,150.72,5000,905,1053
1764298979510,NVDA,SELL,LIMIT,150.89,5000,906,1047
1764298979548,NVDA,BUY,MARKET,0.0,5000,907,1036
1764298979603,NVDA,SELL,MARKET,0.0,1000,908,1072
1764298979659,NVDA,BUY,LIMIT,150.93,200,909,1051
1764298979723,NVDA,BUY,LIMIT,151.09,500,910,1068
1764298979803,NVDA,SELL,LIMIT,151.15,500,911,1097
1764298979866,NVDA,BUY,LIMIT,150.97,2000,912,1078
1764298979933,NVDA,SELL,LIMIT,150.99,5000,913,1002
1764298980024,NVDA,BUY,MARKET,0.0,5000,914,1056
1764298980102,NVDA,SELL,LIMIT,150.95,500,915,1062
1764298980118,NVDA,SELL,LIMIT,151.07,200,916,1099
1764298980133,NVDA,SELL,LIMIT,151.05,500,917,1098
1764298980173,NVDA,BUY,LIMIT,150.94,1000,918,1093
1764298980201,NVDA,SELL,MARKET,0.0,100,919,1036
1764298980215,NVDA,BUY,LIMIT,150.79,100,920,1061
1764298980220,NVDA,SELL,LIMIT,150.97,200,921,1063
1764298980267,NVDA,SELL,LIMIT,150.92,200,922,1096
1764298980273,NVDA,BUY,LIMIT,150.8,100,923,1053
1764298980366,NVDA,BUY,LIMIT,150.87,5000,924,1074
1764298980450,NVDA,BUY,LIMIT,150.9,5000,925,1020
1764298980528,NVDA,SELL,LIMIT,151.02,1000,926,1017
1764298980616,NVDA,BUY,LIMIT,150.97,2000,927,1014
1764298980644,NVDA,SELL,LIMIT,151.04,500,928,1015
1764298980691,NVDA,BUY,LIMIT,150.92,200,929,1046
1764298980692,NVDA,BUY,MARKET,0.0,100,930,1013
1764298980746,NVDA,BUY,MARKET,0.0,200,931,1024
1764298980845,NVDA,SELL,LIMIT,151.03,5000,932,1050
1764298980942,NVDA,SELL,MARKET,0.0,2000,933,1003
1764298980946,NVDA,SELL,LIMIT,150.95,1000,934,1009
1764298981002,NVDA,BUY,LIMIT,150.85,5000,935,1017
1764298981035,NVDA,BUY,LIMIT,150.74,1000,936,1031
1764298981068,NVDA,SELL,LIMIT,151.01,200,937,1078
1764298981115,NVDA,SELL,LIMIT,150.9,200,938,1087
1764298981124,NVDA,BUY,LIMIT,150.74,200,939,1067
1764298981219,NVDA,BUY,LIMIT,150.68,1000,940,1013
1764298981270,NVDA,BUY,LIMIT,150.61,500,941,1043
1764298981351,NVDA,BUY,LIMIT,150.57,200,942,1061
1764298981392,NVDA,BUY,LIMIT,150.71,100,943,1051
1764298981490,NVDA,BUY,LIMIT,150.59,100,944,1070
1764298981520,NVDA,SELL,LIMIT,150.78,500,945,1039
1764298981528,NVDA,SELL,LIMIT,150.87,200,946,1038
1764298981544,NVDA,SELL,LIMIT,150.88,200,947,1094
1764298981593,NVDA,SELL,LIMIT,150.79,200,948,1020
1764298981606,NVDA,SELL,LIMIT,150.9,5000,949,1032
1764298981700,NVDA,BUY,LIMIT,150.78,100,950,1039
1764298981703,NVDA,BUY,LIMIT,150.71,1000,951,1082
1764298981798,NVDA,SELL,LIMIT,150.95,5000,952,1056
1764298981854,NVDA,SELL,LIMIT,150.9,5000,953,1067
1764298981900,NVDA,SELL,LIMIT,150.82,5000,954,1065
1764298981956,NVDA,BUY,LIMIT,150.74,100,955,1073
1764298982038,NVDA,SELL,LIMIT,150.87,5000,956,1000
1764298982101,NVDA,SELL,MARKET,0.0,2000,957,1071
1764298982181,NVDA,BUY,LIMIT,150.7,2000,958,1087
1764298982263,NVDA,BUY,MARKET,0.0,500,959,1031
1764298982298,NVDA,BUY,LIMIT,150.86,200,960,1083
1764298982392,NVDA,BUY,MARKET,0.0,2000,961,1002
1764298982412,NVDA,SELL,LIMIT,150.92,1000,962,1098
1764298982426,NVDA,BUY,LIMIT,150.72,200,963,1011
1764298982460,NVDA,BUY,LIMIT,150.69,1000,964,1072
1764298982461,NVDA,BUY,LIMIT,150.66,100,965,1087
1764298982510,NVDA,BUY,LIMIT,150.56,5000,966,1028
1764298982514,NVDA,BUY,MARKET,0.0,100,967,1100
1764298982554,NVDA,BUY,LIMIT,150.75,500,968,1049
1764298982584,NVDA,SELL,MARKET,0.0,500,969,1049
1764298982682,NVDA,BUY,LIMIT,150.59,500,970,1018
1764298982780,NVDA,SELL,MARKET,0.0,200,971,1090
1764298982857,NVDA,BUY,LIMIT,150.53,500,972,1006
1764298982892,NVDA,SELL,LIMIT,150.54,100,973,1003
1764298982974,NVDA,BUY,LIMIT,150.36,200,974,1095
1764298983057,NVDA,BUY,LIMIT,150.48,2000,975,1027
1764298983064,NVDA,BUY,LIMIT,150.47,5000,976,1020
1764298983099,NVDA,SELL,LIMIT,150.62,200,977,1096
1764298983100,NVDA,SELL,MARKET,0.0,5000,978,1008
1764298983169,NVDA,BUY,LIMIT,150.31,1000,979,1000
1764298983184,NVDA,BUY,LIMIT,150.26,1000,980,1041
1764298983203,NVDA,SELL,LIMIT,150.38,500,981,1050
1764298983272,NVDA,BUY,LIMIT,150.19,500,982,1098
1764298983283,NVDA,BUY,LIMIT,150.2,2000,983,1005
1764298983322,NVDA,SELL,LIMIT,150.36,5000,984,1033
1764298983394,NVDA,SELL,LIMIT,150.3,1000,985,1026
1764298983432,NVDA,BUY,LIMIT,150.14,200,986,1073
1764298983454,NVDA,BUY,LIMIT,150.14,100,987,1086
1764298983499,NVDA,SELL,LIMIT,150.19,200,988,1100
1764298983525,NVDA,SELL,LIMIT,150.2,200,989,1026
1764298983550,NVDA,SELL,LIMIT,150.24,100,990,1069
1764298983627,NVDA,SELL,MARKET,0.0,200,991,1069
1764298983711,NVDA,BUY,LIMIT,150.2,5000,992,1079
1764298983750,NVDA,BUY,MARKET,0.0,2000,993,1021
1764298983757,NVDA,SELL,LIMIT,150.16,2000,994,1095
1764298983840,NVDA,SELL,LIMIT,150.13,1000,995,1075
1764298983927,NVDA,SELL,LIMIT,150.26,500,996,1094
1764298984023,NVDA,BUY,LIMIT,150.07,200,997,1054
1764298984028,NVDA,BUY,LIMIT,150.12,500,998,1054
1764298984118,NVDA,BUY,MARKET,0.0,100,999,1037
1764298984129,NVDA,BUY,LIMIT,150.24,2000,1000,1052
1764298984175,NVDA,BUY,LIMIT,150.2,100,1001,1041
1764298984187,NVDA,BUY,LIMIT,150.28,500,1002,1039
1764298984198,NVDA,BUY,LIMIT,150.29,2000,1003,1009
1764298984278,NVDA,SELL,LIMIT,150.36,500,1004,1015
1764298984356,NVDA,BUY,MARKET,0.0,100,1005,1032
1764298984382,NVDA,SELL,MARKET,0.0,100,1006,1038
1764298984427,NVDA,BUY,LIMIT,150.19,500,1007,1084
1764298984520,NVDA,BUY,LIMIT,150.21,100,1008,1093
1764298984613,NVDA,SELL,LIMIT,150.21,1000,1009,1020
1764298984620,NVDA,BUY,LIMIT,150.14,2000,1010,1077
1764298984685,NVDA,SELL,LIMIT,150.3,100,1011,1017
1764298984770,NVDA,BUY,LIMIT,150.1,500,1012,1024
1764298984798,NVDA,SELL,LIMIT,150.27,500,1013,1075
1764298984816,NVDA,BUY,LIMIT,150.16,2000,1014,1013
1764298984905,NVDA,SELL,LIMIT,150.28,100,1015,1022
1764298984918,NVDA,BUY,LIMIT,150.22,100,1016,1068
1764298984932,NVDA,BUY,LIMIT,150.3,5000,1017,1029
1764298984963,NVDA,SELL,LIMIT,150.43,500,1018,1062
1764298985055,NVDA,SELL,LIMIT,150.39,5000,1019,1030
1764298985068,NVDA,SELL,LIMIT,150.47,1000,1020,1062
1764298985072,NVDA,SELL,LIMIT,150.53,5000,1021,1000
1764298985126,NVDA,BUY,MARKET,0.0,2000,1022,1017
1764298985183,NVDA,SELL,LIMIT,150.62,1000,1023,1058
1764298985199,NVDA,BUY,LIMIT,150.49,100,1024,1030
1764298985269,NVDA,BUY,MARKET,0.0,5000,1025,1003
1764298985368,NVDA,BUY,LIMIT,150.57,2000,1026,1078
1764298985422,NVDA,SELL,LIMIT,150.65,100,1027,1093
1764298985509,NVDA,SELL,LIMIT,150.7,1000,1028,1070
1764298985571,NVDA,BUY,LIMIT,150.63,5000,1029,1075
1764298985663,NVDA,BUY,MARKET,0.0,200,1030,1042
1764298985667,NVDA,BUY,MARKET,0.0,5000,1031,1090
1764298985764,NVDA,SELL,LIMIT,150.6,1000,1032,1095
1764298985775,NVDA,BUY,LIMIT,150.38,200,1033,1087
1764298985840,NVDA,BUY,LIMIT,150.43,2000,1034,1070
1764298985910,NVDA,SELL,MARKET,0.0,200,1035,1097
1764298985990,NVDA,BUY,LIMIT,150.52,2000,1036,1064
1764298986053,NVDA,BUY,MARKET,0.0,100,1037,1085
1764298986070,NVDA,SELL,LIMIT,150.77,100,1038,1064
1764298986099,NVDA,BUY,MARKET,0.0,100,1039,1039
1764298986195,NVDA,SELL,LIMIT,150.87,2000,1040,1066
1764298986289,NVDA,BUY,LIMIT,150.78,100,1041,1027
1764298986385,NVDA,SELL,LIMIT,150.83,100,1042,1030
1764298986393,NVDA,SELL,LIMIT,150.68,500,1043,1005
1764298986477,NVDA,SELL,LIMIT,150.73,2000,1044,1015
1764298986495,NVDA,BUY,MARKET,0.0,2000,1045,1065
1764298986567,NVDA,BUY,LIMIT,150.64,200,1046,1036
1764298986588,NVDA,SELL,LIMIT,150.84,100,1047,1055
1764298986626,NVDA,SELL,LIMIT,150.9,5000,1048,1019
1764298986721,NVDA,SELL,MARKET,0.0,5000,1049,1093
1764298986758,NVDA,SELL,LIMIT,151.0,100,1050,1083
1764298986825,NVDA,SELL,LIMIT,150.99,100,1051,1075
1764298986871,NVDA,BUY,MARKET,0.0,5000,1052,1040
1764298986891,NVDA,BUY,MARKET,0.0,5000,1053,1075
1764298986929,NVDA,SELL,MARKET,0.0,1000,1054,1027
1764298986936,NVDA,BUY,MARKET,0.0,200,1055,1017
1764298986979,NVDA,SELL,LIMIT,151.0,500,1056,1022
1764298987074,NVDA,BUY,LIMIT,150.97,2000,1057,1059
1764298987156,NVDA,SELL,LIMIT,151.04,1000,1058,1059
1764298987255,NVDA,SELL,LIMIT,150.99,1000,1059,1094
1764298987293,NVDA,BUY,LIMIT,150.93,500,1060,1060
1764298987318,NVDA,BUY,LIMIT,151.0,500,1061,1048
1764298987354,NVDA,BUY,LIMIT,150.89,100,1062,1073
1764298987450,NVDA,BUY,LIMIT,150.97,2000,1063,1034
1764298987508,NVDA,SELL,LIMIT,151.05,1000,1064,1099
1764298987583,NVDA,BUY,LIMIT,150.79,500,1065,1028
1764298987591,NVDA,SELL,LIMIT,150.92,5000,1066,1058
1764298987592,NVDA,BUY,LIMIT,150.86,500,1067,1012
1764298987642,NVDA,BUY,LIMIT,150.87,100,1068,1083
1764298987662,NVDA,BUY,LIMIT,150.89,5000,1069,1079
1764298987758,NVDA,SELL,MARKET,0.0,2000,1070,1067
1764298987765,NVDA,SELL,LIMIT,150.92,1000,1071,1098
1764298987825,NVDA,BUY,LIMIT,150.94,500,1072,1047
1764298987909,NVDA,SELL,MARKET,0.0,1000,1073,1046
1764298988008,NVDA,SELL,LIMIT,150.95,5000,1074,1082
1764298988033,NVDA,BUY,LIMIT,150.85,100,1075,1065
1764298988067,NVDA,BUY,LIMIT,150.88,5000,1076,1080
1764298988125,NVDA,BUY,LIMIT,150.96,200,1077,1015
1764298988156,NVDA,BUY,LIMIT,150.96,500,1078,1064
1764298988195,NVDA,BUY,LIMIT,151.0,100,1079,1056
1764298988224,NVDA,SELL,LIMIT,151.06,100,1080,1029
1764298988248,NVDA,SELL,MARKET,0.0,5000,1081,1063
1764298988249,NVDA,SELL,MARKET,0.0,5000,1082,1059
1764298988293,NVDA,SELL,LIMIT,150.95,200,1083,1100
1764298988312,NVDA,BUY,LIMIT,151.01,1000,1084,1095
1764298988377,NVDA,SELL,LIMIT,151.03,1000,1085,1067
1764298988454,NVDA,SELL,LIMIT,150.91,2000,1086,1067
1764298988518,NVDA,BUY,LIMIT,150.88,1000,1087,1077
1764298988588,NVDA,BUY,LIMIT,150.85,200,1088,1073
1764298988679,NVDA,SELL,LIMIT,151.04,500,1089,1029
1764298988722,NVDA,SELL,MARKET,0.0,1000,1090,1085
1764298988749,NVDA,SELL,MARKET,0.0,200,1091,1084
1764298988820,NVDA,SELL,LIMIT,150.81,200,1092,1033
1764298988902,NVDA,SELL,LIMIT,150.92,100,1093,1023
1764298988940,NVDA,BUY,LIMIT,150.81,200,1094,1024
1764298989031,NVDA,SELL,MARKET,0.0,500,1095,1057
1764298989034,NVDA,BUY,LIMIT,150.77,100,1096,1053
1764298989045,NVDA,SELL,LIMIT,150.91,2000,1097,1023
1764298989081,NVDA,SELL,LIMIT,151.0,500,1098,1016
1764298989176,NVDA,SELL,LIMIT,151.07,500,1099,1041
1764298989202,NVDA,BUY,LIMIT,150.96,100,1100,1065
1764298989226,NVDA,SELL,LIMIT,151.07,1000,1101,1050
1764298989258,NVDA,BUY,LIMIT,150.97,5000,1102,1061
1764298989353,NVDA,BUY,LIMIT,151.12,2000,1103,1044
1764298989441,NVDA,SELL,MARKET,0.0,2000,1104,1074
1764298989524,NVDA,SELL,LIMIT,151.19,200,1105,1067
1764298989537,NVDA,SELL,LIMIT,151.3,200,1106,1033
1764298989620,NVDA,SELL,LIMIT,151.37,2000,1107,1086
1764298989709,NVDA,SELL,MARKET,0.0,100,1108,1024
1764298989789,NVDA,SELL,MARKET,0.0,100,1109,1083
1764298989857,NVDA,BUY,LIMIT,151.33,100,1110,1052
1764298989948,NVDA,SELL,LIMIT,151.43,2000,1111,1010
1764298990031,NVDA,SELL,LIMIT,151.41,1000,1112,1088
1764298990104,NVDA,BUY,LIMIT,151.34,1000,1113,1043
1764298990161,NVDA,BUY,MARKET,0.0,1000,1114,1055
1764298990255,NVDA,SELL,LIMIT,151.4,2000,1115,1051
1764298990268,NVDA,SELL,LIMIT,151.37,100,1116,1061
1764298990284,NVDA,SELL,LIMIT,151.33,100,1117,1035
1764298990345,NVDA,BUY,LIMIT,151.26,500,1118,1041
1764298990354,NVDA,BUY,LIMIT,151.36,200,1119,1009
1764298990380,NVDA,BUY,LIMIT,151.37,2000,1120,1095
1764298990383,NVDA,BUY,LIMIT,151.4,100,1121,1007
1764298990433,NVDA,BUY,LIMIT,151.5,2000,1122,1010
1764298990485,NVDA,BUY,LIMIT,151.55,100,1123,1054
1764298990573,NVDA,SELL,LIMIT,151.71,100,1124,1097
1764298990634,NVDA,SELL,LIMIT,151.65,500,1125,1007
1764298990716,NVDA,SELL,LIMIT,151.65,100,1126,1070
1764298990773,NVDA,SELL,LIMIT,151.59,200,1127,1017
1764298990806,NVDA,SELL,LIMIT,151.56,5000,1128,1030
1764298990902,NVDA,BUY,LIMIT,151.36,5000,1129,1081
1764298990960,NVDA,SELL,LIMIT,151.59,200,1130,1090
1764298990966,NVDA,BUY,LIMIT,151.51,5000,1131,1091
1764298991043,NVDA,SELL,LIMIT,151.56,100,1132,1031
1764298991131,NVDA,BUY,LIMIT,151.45,100,1133,1082
1764298991220,NVDA,SELL,LIMIT,151.61,5000,1134,1071
1764298991227,NVDA,BUY,LIMIT,151.56,100,1135,1076
1764298991325,NVDA,SELL,LIMIT,151.62,200,1136,1061
1764298991381,NVDA,BUY,LIMIT,151.51,500,1137,1055
1764298991415,NVDA,SELL,MARKET,0.0,500,1138,1078
1764298991511,NVDA,SELL,LIMIT,151.61,200,1139,1041
1764298991536,NVDA,BUY,LIMIT,151.42,100,1140,1099
1764298991552,NVDA,SELL,MARKET,0.0,500,1141,1088
1764298991610,NVDA,SELL,LIMIT,151.63,2000,1142,1031
1764298991614,NVDA,BUY,LIMIT,151.35,500,1143,1032
1764298991661,NVDA,BUY,LIMIT,151.28,5000,1144,1067
1764298991754,NVDA,SELL,LIMIT,151.48,2000,1145,1023
1764298991838,NVDA,SELL,LIMIT,151.57,1000,1146,1074
1764298991907,NVDA,BUY,LIMIT,151.35,1000,1147,1066
1764298991993,NVDA,SELL,MARKET,0.0,2000,1148,1009
1764298992025,NVDA,BUY,LIMIT,151.26,5000,1149,1058
1764298992038,NVDA,SELL,LIMIT,151.45,1000,1150,1005
1764298992075,NVDA,BUY,LIMIT,151.34,500,1151,1070
1764298992133,NVDA,SELL,LIMIT,151.54,1000,1152,1045
1764298992224,NVDA,BUY,LIMIT,151.33,5000,1153,1096
1764298992267,NVDA,SELL,LIMIT,151.32,1000,1154,1092
1764298992270,NVDA,SELL,LIMIT,151.3,200,1155,1085
1764298992282,NVDA,BUY,LIMIT,151.27,100,1156,1047
1764298992299,NVDA,SELL,LIMIT,151.37,1000,1157,1072
1764298992350,NVDA,SELL,LIMIT,151.39,500,1158,1087
1764298992369,NVDA,BUY,LIMIT,151.15,200,1159,1064
1764298992396,NVDA,SELL,LIMIT,151.3,100,1160,1066
1764298992422,NVDA,SELL,LIMIT,151.28,1000,1161,1065
1764298992522,NVDA,BUY,LIMIT,151.2,1000,1162,1080
1764298992567,NVDA,BUY,MARKET,0.0,5000,1163,1035
1764298992603,NVDA,SELL,LIMIT,151.2,200,1164,1078
1764298992695,NVDA,BUY,LIMIT,151.06,500,1165,1027
1764298992746,NVDA,BUY,MARKET,0.0,100,1166,1074
1764298992775,NVDA,SELL,LIMIT,151.07,1000,1167,1045
1764298992793,NVDA,BUY,LIMIT,151.01,500,1168,1097
1764298992830,NVDA,SELL,MARKET,0.0,200,1169,1032
1764298992879,NVDA,SELL,LIMIT,151.11,500,1170,1005
1764298992895,NVDA,BUY,LIMIT,151.02,100,1171,1093
1764298992901,NVDA,BUY,LIMIT,151.05,5000,1172,1018
1764298992912,NVDA,BUY,LIMIT,150.96,2000,1173,1029
1764298992915,NVDA,SELL,MARKET,0.0,200,1174,1003
1764298992944,NVDA,BUY,LIMIT,150.85,2000,1175,1031
1764298992970,NVDA,SELL,LIMIT,150.94,500,1176,1021
1764298993002,NVDA,BUY,LIMIT,150.82,1000,1177,1058
1764298993080,NVDA,SELL,LIMIT,150.84,500,1178,1057
1764298993179,NVDA,BUY,LIMIT,150.7,200,1179,1096
1764298993236,NVDA,SELL,LIMIT,150.74,100,1180,1040
1764298993260,NVDA,BUY,LIMIT,150.62,200,1181,1067
1764298993322,NVDA,BUY,LIMIT,150.64,5000,1182,1077
1764298993372,NVDA,SELL,LIMIT,150.72,5000,1183,1052
1764298993388,NVDA,SELL,LIMIT,150.82,100,1184,1044
1764298993469,NVDA,BUY,LIMIT,150.56,2000,1185,1029
1764298993554,NVDA,BUY,LIMIT,150.63,100,1186,1060
1764298993567,NVDA,SELL,MARKET,0.0,200,1187,1016
1764298993571,NVDA,SELL,LIMIT,150.86,5000,1188,1098
1764298993670,NVDA,BUY,LIMIT,150.72,1000,1189,1086
1764298993743,NVDA,SELL,LIMIT,150.83,2000,1190,1001
1764298993829,NVDA,SELL,LIMIT,150.9,1000,1191,1034
1764298993925,NVDA,SELL,MARKET,0.0,500,1192,1100
1764298994021,NVDA,BUY,LIMIT,150.67,1000,1193,1071
1764298994068,NVDA,SELL,LIMIT,150.73,200,1194,1034
1764298994102,NVDA,BUY,LIMIT,150.53,100,1195,1077
1764298994113,NVDA,BUY,LIMIT,150.49,200,1196,1060
1764298994157,NVDA,SELL,LIMIT,150.75,100,1197,1089
1764298994187,NVDA,SELL,LIMIT,150.84,200,1198,1074
1764298994195,NVDA,BUY,LIMIT,150.74,500,1199,1088
1764298994201,NVDA,SELL,LIMIT,150.95,100,1200,1081
1764298994276,NVDA,BUY,LIMIT,150.85,200,1201,1081
1764298994352,NVDA,SELL,LIMIT,150.96,5000,1202,1073
1764298994426,NVDA,BUY,MARKET,0.0,2000,1203,1051
1764298994520,NVDA,SELL,MARKET,0.0,100,1204,1025
1764298994547,NVDA,BUY,LIMIT,150.71,100,1205,1025
1764298994564,NVDA,BUY,LIMIT,150.71,100,1206,1042
1764298994632,NVDA,BUY,LIMIT,150.71,200,1207,1054
1764298994638,NVDA,BUY,LIMIT,150.62,2000,1208,1054
1764298994712,NVDA,BUY,LIMIT,150.73,5000,1209,1052
1764298994795,NVDA,BUY,LIMIT,150.64,200,1210,1070
1764298994875,NVDA,BUY,LIMIT,150.52,500,1211,1078
1764298994975,NVDA,SELL,LIMIT,150.77,2000,1212,1014
1764298995065,NVDA,BUY,LIMIT,150.53,1000,1213,1042
1764298995075,NVDA,BUY,LIMIT,150.52,200,1214,1071
1764298995143,NVDA,SELL,LIMIT,150.56,100,1215,1073
1764298995155,NVDA,SELL,LIMIT,150.56,5000,1216,1026
1764298995192,NVDA,BUY,MARKET,0.0,500,1217,1042
1764298995276,NVDA,BUY,LIMIT,150.62,200,1218,1033
1764298995334,NVDA,SELL,LIMIT,150.75,1000,1219,1020
1764298995424,NVDA,BUY,LIMIT,150.72,5000,1220,1003
1764298995449,NVDA,SELL,LIMIT,150.83,200,1221,1094
1764298995530,NVDA,BUY,MARKET,0.0,1000,1222,1046
1764298995624,NVDA,SELL,LIMIT,150.86,2000,1223,1049
1764298995685,NVDA,SELL,LIMIT,150.85,500,1224,1026
1764298995700,NVDA,SELL,LIMIT,150.98,1000,1225,1083
1764298995762,NVDA,BUY,MARKET,0.0,200,1226,1071
1764298995802,NVDA,SELL,LIMIT,151.06,2000,1227,1021
1764298995834,NVDA,BUY,LIMIT,150.97,5000,1228,1043
1764298995871,NVDA,BUY,LIMIT,151.05,200,1229,1050
1764298995916,NVDA,BUY,LIMIT,151.12,100,1230,1032
1764298995961,NVDA,BUY,LIMIT,151.1,200,1231,1005
1764298996019,NVDA,BUY,LIMIT,151.04,5000,1232,1031
1764298996063,NVDA,BUY,MARKET,0.0,100,1233,1081
1764298996111,NVDA,SELL,MARKET,0.0,200,1234,1038
1764298996156,NVDA,BUY,LIMIT,151.03,100,1235,1039
1764298996158,NVDA,SELL,LIMIT,151.19,5000,1236,1007
1764298996185,NVDA,SELL,LIMIT,151.1,100,1237,1061
1764298996221,NVDA,SELL,LIMIT,151.08,2000,1238,1050
1764298996244,NVDA,BUY,LIMIT,151.07,500,1239,1027
1764298996316,NVDA,SELL,LIMIT,151.11,1000,1240,1047
1764298996343,NVDA,BUY,LIMIT,151.05,5000,1241,1020
1764298996391,NVDA,BUY,LIMIT,151.03,100,1242,1066
1764298996409,NVDA,BUY,LIMIT,150.96,200,1243,1074
1764298996422,NVDA,SELL,LIMIT,151.19,1000,1244,1072
1764298996427,NVDA,BUY,LIMIT,151.07,100,1245,1050
1764298996466,NVDA,SELL,LIMIT,151.09,2000,1246,1003
1764298996518,NVDA,BUY,MARKET,0.0,100,1247,1095
1764298996558,NVDA,SELL,MARKET,0.0,100,1248,1021
1764298996580,NVDA,BUY,LIMIT,151.07,1000,1249,1003
1764298996678,NVDA,BUY,LIMIT,151.18,100,1250,1003
1764298996737,NVDA,SELL,LIMIT,151.2,5000,1251,1061
1764298996745,NVDA,BUY,LIMIT,151.17,1000,1252,1099
1764298996836,NVDA,SELL,MARKET,0.0,5000,1253,1098
1764298996867,NVDA,SELL,LIMIT,151.36,500,1254,1046
1764298996912,NVDA,SELL,LIMIT,151.4,1000,1255,1052
1764298997005,NVDA,SELL,LIMIT,151.34,500,1256,1020
1764298997058,NVDA,SELL,LIMIT,151.43,100,1257,1078
1764298997110,NVDA,SELL,LIMIT,151.38,2000,1258,1056
1764298997188,NVDA,SELL,LIMIT,151.41,1000,1259,1014
1764298997203,NVDA,SELL,LIMIT,151.42,200,1260,1100
1764298997236,NVDA,BUY,LIMIT,151.28,2000,1261,1020
1764298997330,NVDA,SELL,MARKET,0.0,5000,1262,1009
1764298997373,NVDA,SELL,MARKET,0.0,2000,1263,1007
1764298997467,NVDA,BUY,LIMIT,151.25,500,1264,1060
1764298997492,NVDA,BUY,LIMIT,151.25,200,1265,1002
1764298997514,NVDA,BUY,LIMIT,151.17,1000,1266,1074
1764298997592,NVDA,SELL,MARKET,0.0,5000,1267,1006
1764298997643,NVDA,BUY,LIMIT,151.17,1000,1268,1040
1764298997682,NVDA,BUY,LIMIT,151.19,200,1269,1076
1764298997743,NVDA,SELL,LIMIT,151.27,100,1270,1016
1764298997777,NVDA,BUY,LIMIT,151.22,2000,1271,1092
1764298997841,NVDA,SELL,LIMIT,151.38,5000,1272,1024
1764298997877,NVDA,BUY,LIMIT,151.39,100,1273,1015
1764298997932,NVDA,SELL,MARKET,0.0,200,1274,1013
1764298998031,NVDA,BUY,LIMIT,151.26,5000,1275,1056
1764298998091,NVDA,SELL,MARKET,0.0,500,1276,1039
1764298998160,NVDA,BUY,LIMIT,151.27,1000,1277,1015
1764298998212,NVDA,BUY,LIMIT,151.26,5000,1278,1043
1764298998227,NVDA,BUY,MARKET,0.0,2000,1279,1063
1764298998250,NVDA,BUY,LIMIT,151.07,2000,1280,1064
1764298998287,NVDA,SELL,LIMIT,151.17,1000,1281,1086
1764298998348,NVDA,BUY,LIMIT,150.98,500,1282,1047
1764298998389,NVDA,BUY,LIMIT,150.89,5000,1283,1069
1764298998482,NVDA,SELL,MARKET,0.0,2000,1284,1042
1764298998522,NVDA,SELL,LIMIT,151.0,5000,1285,1003
1764298998617,NVDA,SELL,LIMIT,151.09,500,1286,1058
1764298998711,NVDA,BUY,LIMIT,150.98,100,1287,1017
1764298998716,NVDA,BUY,LIMIT,151.11,100,1288,1025
1764298998766,NVDA,BUY,LIMIT,151.16,2000,1289,1020
1764298998861,NVDA,SELL,MARKET,0.0,5000,1290,1083
1764298998903,NVDA,BUY,LIMIT,151.21,100,1291,1068
1764298998927,NVDA,SELL,LIMIT,151.37,100,1292,1025
1764298999014,NVDA,BUY,MARKET,0.0,100,1293,1026
1764298999045,NVDA,SELL,LIMIT,151.27,200,1294,1010
1764298999114,NVDA,SELL,LIMIT,151.32,100,1295,1032
1764298999196,NVDA,SELL,MARKET,0.0,2000,1296,1013
1764298999213,NVDA,SELL,LIMIT,151.45,1000,1297,1024
1764298999265,NVDA,SELL,LIMIT,151.51,200,1298,1029
1764298999299,NVDA,BUY,MARKET,0.0,100,1299,1098
1764298999325,NVDA,BUY,LIMIT,151.35,500,1300,1086
1764298999370,NVDA,BUY,LIMIT,151.43,100,1301,1063
1764298999406,NVDA,SELL,MARKET,0.0,5000,1302,1070
1764298999469,NVDA,BUY,MARKET,0.0,100,1303,1040
1764298999544,NVDA,SELL,MARKET,0.0,500,1304,1086
1764298999574,NVDA,SELL,MARKET,0.0,5000,1305,1081
1764298999661,NVDA,SELL,MARKET,0.0,500,1306,1051
1764298999753,NVDA,SELL,LIMIT,151.29,500,1307,1009
1764298999832,NVDA,SELL,LIMIT,151.25,5000,1308,1089
1764298999877,NVDA,SELL,LIMIT,151.28,200,1309,1085
1764298999913,NVDA,BUY,LIMIT,151.07,500,1310,1022
1764298999921,NVDA,SELL,LIMIT,151.3,2000,1311,1094
1764298999991,NVDA,BUY,LIMIT,151.21,200,1312,1052
1764299000058,NVDA,BUY,LIMIT,151.26,200,1313,1081
1764299000131,NVDA,BUY,LIMIT,151.33,1000,1314,1042
1764299000205,NVDA,SELL,LIMIT,151.35,500,1315,1066
1764299000237,NVDA,SELL,LIMIT,151.34,500,1316,1022
1764299000246,NVDA,SELL,MARKET,0.0,2000,1317,1100
1764299000254,NVDA,BUY,LIMIT,151.39,500,1318,1026
1764299000287,NVDA,SELL,LIMIT,151.48,500,1319,1021
1764299000332,NVDA,SELL,MARKET,0.0,200,1320,1069
1764299000432,NVDA,SELL,LIMIT,151.39,500,1321,1005
1764299000524,NVDA,SELL,LIMIT,151.35,200,1322,1063
1764299000612,NVDA,SELL,MARKET,0.0,5000,1323,1077
1764299000637,NVDA,SELL,LIMIT,151.44,2000,1324,1019
1764299000692,NVDA,SELL,LIMIT,151.4,5000,1325,1052
1764299000785,NVDA,SELL,MARKET,0.0,200,1326,1034
1764299000801,NVDA,BUY,MARKET,0.0,5000,1327,1096
1764299000837,NVDA,BUY,LIMIT,151.29,1000,1328,1091
1764299000907,NVDA,SELL,LIMIT,151.39,100,1329,1021
1764299000928,NVDA,BUY,LIMIT,151.28,1000,1330,1096
1764299001015,NVDA,BUY,LIMIT,151.3,500,1331,1027
1764299001020,NVDA,BUY,LIMIT,151.27,1000,1332,1034
1764299001080,NVDA,BUY,MARKET,0.0,2000,1333,1052
1764299001160,NVDA,BUY,LIMIT,151.44,200,1334,1044
1764299001187,NVDA,BUY,MARKET,0.0,2000,1335,1074
1764299001278,NVDA,BUY,LIMIT,151.25,100,1336,1077
1764299001284,NVDA,BUY,LIMIT,151.21,100,1337,1064
1764299001334,NVDA,SELL,LIMIT,151.27,1000,1338,1038
1764299001404,NVDA,BUY,MARKET,0.0,500,1339,1092
1764299001448,NVDA,SELL,LIMIT,151.3,1000,1340,1061
1764299001506,NVDA,BUY,LIMIT,151.19,5000,1341,1094
1764299001512,NVDA,SELL,LIMIT,151.37,5000,1342,1087
1764299001573,NVDA,SELL,LIMIT,151.36,2000,1343,1027
1764299001576,NVDA,BUY,LIMIT,151.16,100,1344,1078
1764299001578,NVDA,BUY,LIMIT,151.24,5000,1345,1069
1764299001656,NVDA,BUY,LIMIT,151.27,100,1346,1046
1764299001661,NVDA,BUY,LIMIT,151.19,2000,1347,1035
1764299001677,NVDA,BUY,LIMIT,151.15,200,1348,1010
1764299001768,NVDA,SELL,LIMIT,151.39,100,1349,1005
1764299001784,NVDA,BUY,LIMIT,151.19,500,1350,1032
1764299001794,NVDA,SELL,LIMIT,151.31,1000,1351,1047
1764299001840,NVDA,SELL,LIMIT,151.34,5000,1352,1059
1764299001880,NVDA,BUY,MARKET,0.0,100,1353,1062
1764299001905,NVDA,SELL,LIMIT,151.35,2000,1354,1057
1764299001989,NVDA,BUY,MARKET,0.0,100,1355,1019
1764299002018,NVDA,BUY,LIMIT,151.15,200,1356,1100
1764299002089,NVDA,BUY,LIMIT,151.28,5000,1357,1092
1764299002188,NVDA,SELL,LIMIT,151.29,500,1358,1052
1764299002211,NVDA,SELL,LIMIT,151.32,2000,1359,1014
1764299002292,NVDA,BUY,LIMIT,151.13,100,1360,1068
1764299002371,NVDA,SELL,LIMIT,151.18,5000,1361,1060
1764299002429,NVDA,BUY,LIMIT,151.05,2000,1362,1003
1764299002504,NVDA,BUY,LIMIT,151.03,5000,1363,1058
1764299002602,NVDA,BUY,LIMIT,151.12,1000,1364,1053
1764299002603,NVDA,SELL,LIMIT,151.19,200,1365,1060
1764299002681,NVDA,SELL,LIMIT,151.24,1000,1366,1035
1764299002776,NVDA,SELL,LIMIT,151.19,5000,1367,1015
1764299002812,NVDA,SELL,MARKET,0.0,1000,1368,1100
1764299002814,NVDA,SELL,LIMIT,151.34,2000,1369,1000
1764299002826,NVDA,SELL,LIMIT,151.3,500,1370,1026
1764299002860,NVDA,BUY,LIMIT,151.14,1000,1371,1016
1764299002900,NVDA,SELL,LIMIT,151.32,5000,1372,1010
1764299002946,NVDA,SELL,MARKET,0.0,2000,1373,1038
1764299003039,NVDA,BUY,MARKET,0.0,100,1374,1052
1764299003081,NVDA,BUY,LIMIT,151.36,5000,1375,1095
1764299003128,NVDA,SELL,LIMIT,151.35,200,1376,1053
1764299003197,NVDA,SELL,LIMIT,151.47,500,1377,1059
1764299003266,NVDA,BUY,MARKET,0.0,200,1378,1061
1764299003281,NVDA,BUY,LIMIT,151.45,5000,1379,1094
1764299003329,NVDA,SELL,LIMIT,151.58,200,1380,1012
1764299003395,NVDA,BUY,LIMIT,151.52,2000,1381,1087
1764299003481,NVDA,BUY,LIMIT,151.57,500,1382,1070
1764299003482,NVDA,BUY,LIMIT,151.6,500,1383,1045
1764299003582,NVDA,SELL,LIMIT,151.65,2000,1384,1010
1764299003642,NVDA,SELL,LIMIT,151.6,5000,1385,1070
1764299003664,NVDA,SELL,MARKET,0.0,500,1386,1099
1764299003680,NVDA,BUY,LIMIT,151.46,1000,1387,1053
1764299003763,NVDA,SELL,LIMIT,151.61,1000,1388,1039
1764299003797,NVDA,BUY,LIMIT,151.5,1000,1389,1050
1764299003847,NVDA,SELL,LIMIT,151.71,2000,1390,1018
1764299003886,NVDA,BUY,LIMIT,151.65,100,1391,1074
1764299003890,NVDA,BUY,MARKET,0.0,5000,1392,1036
1764299003954,NVDA,BUY,LIMIT,151.75,1000,1393,1026
1764299003974,NVDA,BUY,LIMIT,151.69,5000,1394,1033
1764299004062,NVDA,BUY,LIMIT,151.57,100,1395,1087
1764299004151,NVDA,BUY,LIMIT,151.49,2000,1396,1015
1764299004167,NVDA,SELL,MARKET,0.0,5000,1397,1033
1764299004175,NVDA,BUY,LIMIT,151.49,5000,1398,1060
1764299004224,NVDA,BUY,MARKET,0.0,5000,1399,1097
1764299004297,NVDA,BUY,LIMIT,151.49,500,1400,1057
1764299004335,NVDA,SELL,MARKET,0.0,500,1401,1095
1764299004415,NVDA,BUY,LIMIT,151.35,2000,1402,1027
1764299004454,NVDA,SELL,LIMIT,151.45,5000,1403,1039
1764299004551,NVDA,BUY,MARKET,0.0,100,1404,1071
1764299004628,NVDA,SELL,MARKET,0.0,2000,1405,1044
1764299004665,NVDA,BUY,LIMIT,151.36,200,1406,1007
1764299004719,NVDA,BUY,LIMIT,151.33,500,1407,1068
1764299004810,NVDA,SELL,MARKET,0.0,2000,1408,1085
1764299004909,NVDA,SELL,LIMIT,151.47,5000,1409,1091
1764299004998,NVDA,SELL,LIMIT,151.56,2000,1410,1020
1764299005029,NVDA,SELL,LIMIT,151.46,200,1411,1064
1764299005085,NVDA,SELL,LIMIT,151.46,1000,1412,1070
1764299005154,NVDA,SELL,LIMIT,151.36,200,1413,1077
1764299005164,NVDA,SELL,LIMIT,151.37,500,1414,1088
1764299005255,NVDA,BUY,LIMIT,151.14,5000,1415,1001
1764299005317,NVDA,BUY,LIMIT,151.23,2000,1416,1061
1764299005412,NVDA,SELL,LIMIT,151.31,5000,1417,1023
1764299005436,NVDA,SELL,MARKET,0.0,5000,1418,1014
1764299005459,NVDA,SELL,LIMIT,151.22,200,1419,1031
1764299005467,NVDA,SELL,LIMIT,151.35,100,1420,1012
1764299005484,NVDA,SELL,LIMIT,151.27,5000,1421,1053
1764299005536,NVDA,SELL,LIMIT,151.22,500,1422,1033
1764299005592,NVDA,SELL,LIMIT,151.17,200,1423,1043
1764299005631,NVDA,BUY,LIMIT,151.07,2000,1424,1053
1764299005691,NVDA,SELL,LIMIT,151.09,5000,1425,1015
1764299005757,NVDA,BUY,LIMIT,151.03,1000,1426,1053
1764299005846,NVDA,SELL,LIMIT,151.24,100,1427,1058
1764299005893,NVDA,BUY,LIMIT,151.15,1000,1428,1026
1764299005943,NVDA,SELL,LIMIT,151.23,5000,1429,1043
1764299006039,NVDA,SELL,LIMIT,151.28,5000,1430,1062
1764299006089,NVDA,BUY,LIMIT,151.2,500,1431,1032
1764299006149,NVDA,SELL,LIMIT,151.2,100,1432,1100
1764299006187,NVDA,BUY,LIMIT,151.07,2000,1433,1093
1764299006222,NVDA,SELL,MARKET,0.0,200,1434,1066
1764299006308,NVDA,BUY,LIMIT,151.19,500,1435,1036
1764299006334,NVDA,BUY,LIMIT,151.24,200,1436,1084
1764299006366,NVDA,BUY,LIMIT,151.18,200,1437,1040
1764299006456,NVDA,BUY,LIMIT,151.03,500,1438,1007
1764299006514,NVDA,SELL,MARKET,0.0,200,1439,1097
1764299006603,NVDA,SELL,LIMIT,151.23,500,1440,1050
1764299006687,NVDA,BUY,MARKET,0.0,200,1441,1072
1764299006753,NVDA,BUY,LIMIT,151.33,2000,1442,1070
1764299006788,NVDA,SELL,LIMIT,151.43,1000,1443,1042
1764299006792,NVDA,SELL,LIMIT,151.37,1000,1444,1089
1764299006798,NVDA,BUY,LIMIT,151.2,200,1445,1050
1764299006805,NVDA,SELL,LIMIT,151.28,200,1446,1076
1764299006825,NVDA,SELL,MARKET,0.0,100,1447,1090
1764299006917,NVDA,BUY,LIMIT,151.08,500,1448,1065
1764299006996,NVDA,BUY,MARKET,0.0,200,1449,1006
1764299007069,NVDA,BUY,LIMIT,151.09,100,1450,1047
1764299007155,NVDA,SELL,MARKET,0.0,200,1451,1096
1764299007198,NVDA,BUY,LIMIT,151.04,1000,1452,1024
1764299007237,NVDA,SELL,LIMIT,151.2,100,1453,1012
1764299007312,NVDA,BUY,LIMIT,151.01,500,1454,1091
1764299007340,NVDA,BUY,LIMIT,151.05,5000,1455,1052
1764299007377,NVDA,BUY,LIMIT,151.04,200,1456,1080
1764299007436,NVDA,SELL,LIMIT,151.14,2000,1457,1068
1764299007534,NVDA,BUY,LIMIT,151.05,100,1458,1098
1764299007553,NVDA,BUY,LIMIT,151.02,5000,1459,1065
1764299007631,NVDA,SELL,LIMIT,151.17,100,1460,1024
1764299007636,NVDA,SELL,LIMIT,151.1,200,1461,1034
1764299007689,NVDA,SELL,LIMIT,151.13,5000,1462,1012
1764299007696,NVDA,BUY,LIMIT,151.05,2000,1463,1051
1764299007759,NVDA,BUY,LIMIT,151.13,500,1464,1028
1764299007838,NVDA,BUY,LIMIT,151.09,200,1465,1035
1764299007903,NVDA,SELL,LIMIT,151.13,1000,1466,1073
1764299007940,NVDA,BUY,LIMIT,151.09,2000,1467,1009
1764299008015,NVDA,BUY,LIMIT,151.06,200,1468,1025
1764299008089,NVDA,SELL,LIMIT,151.19,1000,1469,1033
1764299008099,NVDA,SELL,LIMIT,151.09,100,1470,1098
1764299008193,NVDA,SELL,LIMIT,151.12,100,1471,1019
1764299008259,NVDA,BUY,LIMIT,150.85,2000,1472,1063
1764299008260,NVDA,BUY,LIMIT,150.81,500,1473,1020
1764299008342,NVDA,SELL,LIMIT,150.86,200,1474,1099
1764299008396,NVDA,SELL,LIMIT,150.79,200,1475,1059
1764299008462,NVDA,BUY,LIMIT,150.67,200,1476,1062
1764299008482,NVDA,BUY,LIMIT,150.66,2000,1477,1050
1764299008553,NVDA,SELL,LIMIT,150.81,100,1478,1073
1764299008594,NVDA,BUY,MARKET,0.0,200,1479,1012
1764299008653,NVDA,SELL,LIMIT,150.81,1000,1480,1000
1764299008689,NVDA,SELL,MARKET,0.0,1000,1481,1031
1764299008691,NVDA,BUY,MARKET,0.0,100,1482,1092
1764299008732,NVDA,BUY,LIMIT,150.67,1000,1483,1028
1764299008744,NVDA,BUY,LIMIT,150.68,500,1484,1005
1764299008838,NVDA,SELL,LIMIT,150.79,100,1485,1001
1764299008900,NVDA,BUY,LIMIT,150.7,200,1486,1066
1764299008972,NVDA,BUY,LIMIT,150.61,1000,1487,1012
1764299009061,NVDA,SELL,LIMIT,150.82,5000,1488,1010
1764299009130,NVDA,SELL,MARKET,0.0,100,1489,1029
1764299009230,NVDA,SELL,MARKET,0.0,5000,1490,1061
1764299009282,NVDA,SELL,LIMIT,150.86,100,1491,1073
1764299009331,NVDA,BUY,MARKET,0.0,500,1492,1045
1764299009393,NVDA,BUY,MARKET,0.0,100,1493,1033
1764299009400,NVDA,BUY,LIMIT,150.85,1000,1494,1024
1764299009487,NVDA,BUY,LIMIT,150.96,200,1495,1067
1764299009578,NVDA,SELL,LIMIT,151.11,2000,1496,1008
1764299009668,NVDA,SELL,LIMIT,151.17,2000,1497,1053
1764299009763,NVDA,SELL,LIMIT,151.08,200,1498,1029
1764299009784,NVDA,SELL,LIMIT,151.1,200,1499,1071
1764299009877,NVDA,SELL,LIMIT,151.01,1000,1500,1066
1764299009937,NVDA,SELL,LIMIT,150.98,100,1501,1032
1764299010029,NVDA,SELL,LIMIT,151.03,2000,1502,1030
1764299010112,NVDA,BUY,LIMIT,150.97,500,1503,1095
1764299010145,NVDA,BUY,LIMIT,150.99,5000,1504,1055
1764299010187,NVDA,SELL,LIMIT,151.04,5000,1505,1091
1764299010262,NVDA,BUY,LIMIT,150.77,2000,1506,1063
1764299010322,NVDA,BUY,LIMIT,150.82,500,1507,1092
1764299010346,NVDA,SELL,LIMIT,150.99,2000,1508,1006
1764299010404,NVDA,SELL,LIMIT,150.96,2000,1509,1023
1764299010499,NVDA,BUY,LIMIT,150.88,2000,1510,1058
1764299010553,NVDA,BUY,LIMIT,150.86,100,1511,1095
1764299010562,NVDA,BUY,LIMIT,150.9,1000,1512,1015
1764299010621,NVDA,BUY,LIMIT,150.89,2000,1513,1065
1764299010623,NVDA,BUY,LIMIT,150.87,2000,1514,1069
1764299010695,NVDA,BUY,LIMIT,150.88,200,1515,1025
1764299010788,NVDA,SELL,LIMIT,151.05,200,1516,1016
1764299010842,NVDA,SELL,LIMIT,151.11,1000,1517,1061
1764299010908,NVDA,BUY,LIMIT,151.02,2000,1518,1038
1764299010917,NVDA,BUY,MARKET,0.0,5000,1519,1072
1764299010996,NVDA,BUY,LIMIT,150.94,500,1520,1075
1764299011044,NVDA,SELL,LIMIT,150.88,5000,1521,1092
1764299011120,NVDA,BUY,LIMIT,150.7,200,1522,1043
1764299011214,NVDA,BUY,MARKET,0.0,100,1523,1014
1764299011314,NVDA,SELL,LIMIT,150.85,2000,1524,1097
1764299011328,NVDA,SELL,LIMIT,150.83,100,1525,1073
1764299011391,NVDA,SELL,LIMIT,150.75,100,1526,1091
1764299011469,NVDA,SELL,LIMIT,150.78,200,1527,1013
1764299011524,NVDA,SELL,LIMIT,150.77,1000,1528,1051
1764299011541,NVDA,SELL,LIMIT,150.67,200,1529,1088
1764299011610,NVDA,BUY,LIMIT,150.63,1000,1530,1100
1764299011640,NVDA,BUY,MARKET,0.0,500,1531,1047
1764299011659,NVDA,BUY,LIMIT,150.69,200,1532,1049
1764299011734,NVDA,BUY,LIMIT,150.64,5000,1533,1041
1764299011755,NVDA,BUY,LIMIT,150.61,2000,1534,1024
1764299011811,NVDA,BUY,LIMIT,150.6,5000,1535,1095
1764299011909,NVDA,BUY,LIMIT,150.55,100,1536,1003
1764299011959,NVDA,SELL,LIMIT,150.66,1000,1537,1075
1764299012044,NVDA,BUY,LIMIT,150.47,2000,1538,1091
1764299012082,NVDA,BUY,MARKET,0.0,1000,1539,1097
1764299012151,NVDA,SELL,LIMIT,150.59,1000,1540,1000
1764299012191,NVDA,SELL,MARKET,0.0,2000,1541,1076
1764299012209,NVDA,BUY,LIMIT,150.52,1000,1542,1090
1764299012221,NVDA,BUY,MARKET,0.0,1000,1543,1022
1764299012284,NVDA,BUY,LIMIT,150.61,1000,1544,1007
1764299012330,NVDA,BUY,LIMIT,150.57,1000,1545,1028
1764299012338,NVDA,SELL,LIMIT,150.69,500,1546,1082
1764299012399,NVDA,BUY,MARKET,0.0,5000,1547,1096
1764299012413,NVDA,SELL,LIMIT,150.71,200,1548,1034
1764299012430,NVDA,SELL,LIMIT,150.68,500,1549,1096
1764299012497,NVDA,SELL,MARKET,0.0,2000,1550,1024
1764299012537,NVDA,SELL,LIMIT,150.59,500,1551,1050
1764299012555,NVDA,BUY,LIMIT,150.52,5000,1552,1059
1764299012599,NVDA,BUY,LIMIT,150.58,100,1553,1029
1764299012673,NVDA,BUY,LIMIT,150.63,2000,1554,1080
1764299012689,NVDA,BUY,MARKET,0.0,100,1555,1051
1764299012728,NVDA,SELL,LIMIT,150.73,1000,1556,1057
1764299012762,NVDA,BUY,MARKET,0.0,5000,1557,1015
1764299012802,NVDA,SELL,LIMIT,150.82,5000,1558,1044
1764299012828,NVDA,SELL,MARKET,0.0,500,1559,1030
1764299012899,NVDA,BUY,LIMIT,150.53,200,1560,1075
1764299012955,NVDA,BUY,LIMIT,150.68,2000,1561,1070
1764299013025,NVDA,BUY,MARKET,0.0,1000,1562,1018
1764299013117,NVDA,BUY,MARKET,0.0,500,1563,1095
1764299013189,NVDA,BUY,MARKET,0.0,1000,1564,1091
1764299013203,NVDA,BUY,LIMIT,150.59,1000,1565,1041
1764299013275,NVDA,BUY,LIMIT,150.59,5000,1566,1095
1764299013329,NVDA,SELL,LIMIT,150.75,500,1567,1071
1764299013346,NVDA,SELL,LIMIT,150.75,1000,1568,1059
1764299013431,NVDA,SELL,LIMIT,150.87,5000,1569,1044
1764299013507,NVDA,BUY,LIMIT,150.78,200,1570,1024
1764299013574,NVDA,BUY,LIMIT,150.75,200,1571,1060
1764299013581,NVDA,SELL,LIMIT,150.81,1000,1572,1045
1764299013663,NVDA,BUY,LIMIT,150.73,500,1573,1014
1764299013745,NVDA,BUY,LIMIT,150.67,500,1574,1036
1764299013831,NVDA,SELL,LIMIT,150.89,500,1575,1013
1764299013883,NVDA,SELL,LIMIT,150.79,1000,1576,1004
1764299013970,NVDA,BUY,LIMIT,150.73,5000,1577,1091
1764299013996,NVDA,SELL,LIMIT,150.96,1000,1578,1097
1764299014005,NVDA,BUY,LIMIT,150.82,100,1579,1086
1764299014009,NVDA,BUY,LIMIT,150.87,500,1580,1016
1764299014083,NVDA,SELL,LIMIT,150.92,100,1581,1049
1764299014117,NVDA,BUY,LIMIT,150.8,2000,1582,1099
1764299014181,NVDA,BUY,MARKET,0.0,2000,1583,1023
1764299014225,NVDA,BUY,LIMIT,150.74,2000,1584,1078
1764299014295,NVDA,SELL,MARKET,0.0,1000,1585,1047
1764299014385,NVDA,SELL,LIMIT,150.88,1000,1586,1012
1764299014427,NVDA,SELL,MARKET,0.0,1000,1587,1069
1764299014448,NVDA,SELL,LIMIT,150.88,200,1588,1080
1764299014449,NVDA,BUY,LIMIT,150.79,200,1589,1093
1764299014459,NVDA,SELL,MARKET,0.0,1000,1590,1017
1764299014536,NVDA,BUY,LIMIT,150.87,2000,1591,1049
1764299014579,NVDA,SELL,LIMIT,151.09,200,1592,1044
1764299014631,NVDA,SELL,MARKET,0.0,100,1593,1097
1764299014718,NVDA,BUY,LIMIT,151.0,500,1594,1090
1764299014772,NVDA,SELL,LIMIT,151.03,500,1595,1034
1764299014785,NVDA,BUY,LIMIT,150.88,100,1596,1016
1764299014822,NVDA,SELL,LIMIT,150.95,5000,1597,1021
1764299014849,NVDA,BUY,MARKET,0.0,1000,1598,1086
1764299014859,NVDA,SELL,LIMIT,150.79,2000,1599,1044
1764299014929,NVDA,BUY,LIMIT,150.65,2000,1600,1063
1764299015028,NVDA,BUY,LIMIT,150.69,500,1601,1014
1764299015066,NVDA,SELL,LIMIT,150.78,500,1602,1081
1764299015092,NVDA,BUY,MARKET,0.0,5000,1603,1099
1764299015105,NVDA,SELL,LIMIT,150.63,200,1604,1062
1764299015117,NVDA,SELL,LIMIT,150.59,5000,1605,1050
1764299015129,NVDA,BUY,LIMIT,150.39,5000,1606,1044
1764299015219,NVDA,SELL,LIMIT,150.56,1000,1607,1060
1764299015310,NVDA,SELL,LIMIT,150.51,100,1608,1087
1764299015374,NVDA,BUY,LIMIT,150.41,5000,1609,1062
1764299015443,NVDA,BUY,LIMIT,150.44,100,1610,1016
1764299015465,NVDA,SELL,LIMIT,150.58,100,1611,1058
1764299015508,NVDA,BUY,LIMIT,150.47,1000,1612,1064
1764299015572,NVDA,SELL,MARKET,0.0,200,1613,1019
1764299015604,NVDA,BUY,LIMIT,150.48,500,1614,1043
1764299015671,NVDA,SELL,LIMIT,150.66,100,1615,1043
1764299015673,NVDA,BUY,LIMIT,150.62,100,1616,1051
1764299015699,NVDA,SELL,LIMIT,150.71,5000,1617,1098
1764299015764,NVDA,SELL,MARKET,0.0,200,1618,1073
1764299015843,NVDA,SELL,MARKET,0.0,500,1619,1093
1764299015907,NVDA,SELL,LIMIT,150.8,200,1620,1084
1764299015967,NVDA,SELL,LIMIT,150.8,1000,1621,1073
1764299015998,NVDA,SELL,LIMIT,150.83,1000,1622,1080
1764299016011,NVDA,SELL,LIMIT,150.91,1000,1623,1005
1764299016014,NVDA,SELL,LIMIT,150.91,5000,1624,1032
1764299016071,NVDA,SELL,LIMIT,151.01,200,1625,1093
1764299016168,NVDA,SELL,LIMIT,151.01,1000,1626,1057
1764299016205,NVDA,SELL,MARKET,0.0,5000,1627,1003
1764299016281,NVDA,BUY,LIMIT,150.81,2000,1628,1071
1764299016302,NVDA,SELL,LIMIT,151.04,100,1629,1050
1764299016378,NVDA,SELL,LIMIT,151.06,100,1630,1049
1764299016440,NVDA,BUY,LIMIT,150.85,500,1631,1070
1764299016497,NVDA,BUY,LIMIT,150.93,200,1632,1005
1764299016500,NVDA,BUY,LIMIT,150.95,500,1633,1030
1764299016528,NVDA,SELL,LIMIT,151.01,500,1634,1025
1764299016602,NVDA,BUY,LIMIT,150.95,5000,1635,1074
1764299016614,NVDA,BUY,LIMIT,151.02,5000,1636,1069
1764299016675,NVDA,SELL,LIMIT,151.08,100,1637,1082
1764299016676,NVDA,BUY,LIMIT,150.91,2000,1638,1054
1764299016701,NVDA,BUY,LIMIT,150.89,200,1639,1009
1764299016774,NVDA,BUY,MARKET,0.0,100,1640,1018
1764299016804,NVDA,BUY,LIMIT,150.75,5000,1641,1006
1764299016877,NVDA,SELL,LIMIT,150.77,500,1642,1018
1764299016919,NVDA,BUY,LIMIT,150.57,100,1643,1029
1764299016999,NVDA,BUY,LIMIT,150.61,200,1644,1071
1764299017091,NVDA,SELL,LIMIT,150.6,200,1645,1034
1764299017138,NVDA,BUY,LIMIT,150.5,200,1646,1027
1764299017198,NVDA,BUY,LIMIT,150.42,1000,1647,1015
1764299017267,NVDA,SELL,MARKET,0.0,2000,1648,1079
1764299017301,NVDA,SELL,LIMIT,150.55,100,1649,1020
1764299017384,NVDA,BUY,LIMIT,150.48,2000,1650,1064
1764299017441,NVDA,SELL,LIMIT,150.65,100,1651,1017
1764299017503,NVDA,BUY,LIMIT,150.47,500,1652,1010
1764299017601,NVDA,SELL,MARKET,0.0,100,1653,1014
1764299017691,NVDA,BUY,LIMIT,150.61,2000,1654,1025
1764299017754,NVDA,SELL,LIMIT,150.86,2000,1655,1031
1764299017802,NVDA,SELL,LIMIT,150.81,200,1656,1061
1764299017850,NVDA,SELL,MARKET,0.0,1000,1657,1093
1764299017853,NVDA,SELL,LIMIT,150.79,500,1658,1085
1764299017928,NVDA,SELL,LIMIT,150.72,2000,1659,1049
1764299017942,NVDA,BUY,LIMIT,150.52,100,1660,1070
1764299018011,NVDA,SELL,MARKET,0.0,5000,1661,1073
1764299018102,NVDA,SELL,LIMIT,150.76,100,1662,1052
1764299018198,NVDA,SELL,MARKET,0.0,200,1663,1091
1764299018229,NVDA,BUY,LIMIT,150.71,100,1664,1093
1764299018249,NVDA,BUY,LIMIT,150.67,5000,1665,1036
1764299018318,NVDA,BUY,LIMIT,150.68,2000,1666,1070
1764299018373,NVDA,BUY,LIMIT,150.72,5000,1667,1059
1764299018441,NVDA,BUY,LIMIT,150.69,500,1668,1064
1764299018507,NVDA,SELL,LIMIT,150.79,2000,1669,1067
1764299018606,NVDA,SELL,LIMIT,150.81,100,1670,1071
1764299018623,NVDA,BUY,LIMIT,150.74,500,1671,1035
1764299018640,NVDA,BUY,LIMIT,150.78,500,1672,1015
1764299018651,NVDA,SELL,LIMIT,150.83,500,1673,1009
1764299018689,NVDA,SELL,MARKET,0.0,1000,1674,1019
1764299018722,NVDA,SELL,LIMIT,150.97,500,1675,1078
1764299018758,NVDA,BUY,LIMIT,150.75,100,1676,1093
1764299018843,NVDA,SELL,LIMIT,150.87,2000,1677,1063
1764299018885,NVDA,SELL,LIMIT,150.88,5000,1678,1016
1764299018940,NVDA,BUY,LIMIT,150.75,1000,1679,1037
1764299019040,NVDA,BUY,MARKET,0.0,2000,1680,1021
1764299019129,NVDA,SELL,LIMIT,150.72,2000,1681,1092
1764299019228,NVDA,BUY,LIMIT,150.73,100,1682,1049
1764299019230,NVDA,BUY,LIMIT,150.65,2000,1683,1011
1764299019312,NVDA,SELL,LIMIT,150.69,500,1684,1034
1764299019327,NVDA,SELL,LIMIT,150.71,1000,1685,1072
1764299019341,NVDA,BUY,LIMIT,150.6,100,1686,1006
1764299019417,NVDA,SELL,LIMIT,150.73,200,1687,1066
1764299019449,NVDA,BUY,LIMIT,150.49,100,1688,1015
1764299019541,NVDA,SELL,LIMIT,150.63,200,1689,1016
1764299019548,NVDA,SELL,LIMIT,150.69,500,1690,1047
1764299019645,NVDA,BUY,LIMIT,150.7,200,1691,1076
1764299019693,NVDA,SELL,LIMIT,150.84,2000,1692,1068
1764299019733,NVDA,BUY,MARKET,0.0,5000,1693,1080
1764299019773,NVDA,SELL,LIMIT,150.9,200,1694,1063
1764299019801,NVDA,SELL,LIMIT,150.93,2000,1695,1050
1764299019883,NVDA,SELL,MARKET,0.0,500,1696,1099
1764299019918,NVDA,SELL,MARKET,0.0,5000,1697,1058
1764299019973,NVDA,BUY,LIMIT,150.8,2000,1698,1019
1764299019988,NVDA,SELL,LIMIT,150.99,500,1699,1057
1764299020057,NVDA,SELL,LIMIT,151.06,2000,1700,1013
1764299020081,NVDA,BUY,MARKET,0.0,200,1701,1009
1764299020099,NVDA,BUY,LIMIT,150.84,200,1702,1071
1764299020164,NVDA,BUY,LIMIT,150.85,5000,1703,1050
1764299020218,NVDA,SELL,LIMIT,150.92,100,1704,1011
1764299020247,NVDA,SELL,LIMIT,150.89,2000,1705,1064
1764299020297,NVDA,BUY,LIMIT,150.77,100,1706,1035
1764299020324,NVDA,SELL,LIMIT,150.91,500,1707,1053
1764299020407,NVDA,BUY,LIMIT,150.93,500,1708,1020
1764299020474,NVDA,BUY,LIMIT,150.96,5000,1709,1046
1764299020492,NVDA,SELL,LIMIT,151.01,500,1710,1087
1764299020555,NVDA,BUY,LIMIT,150.96,1000,1711,1004
1764299020595,NVDA,SELL,LIMIT,151.06,100,1712,1071
1764299020623,NVDA,BUY,LIMIT,150.84,100,1713,1014
1764299020715,NVDA,SELL,LIMIT,150.98,200,1714,1051
1764299020805,NVDA,BUY,LIMIT,150.9,100,1715,1036
1764299020827,NVDA,BUY,LIMIT,150.92,2000,1716,1000
1764299020909,NVDA,SELL,LIMIT,151.08,200,1717,1049
1764299020929,NVDA,BUY,LIMIT,150.99,2000,1718,1030
1764299020939,NVDA,SELL,LIMIT,150.98,5000,1719,1049
1764299021013,NVDA,BUY,LIMIT,150.86,200,1720,1047
1764299021070,NVDA,BUY,LIMIT,150.83,200,1721,1073
1764299021158,NVDA,SELL,MARKET,0.0,2000,1722,1053
1764299021185,NVDA,SELL,LIMIT,151.13,5000,1723,1045
1764299021208,NVDA,BUY,LIMIT,151.0,2000,1724,1093
1764299021237,NVDA,SELL,LIMIT,151.12,2000,1725,1100
1764299021300,NVDA,BUY,MARKET,0.0,100,1726,1050
1764299021362,NVDA,SELL,LIMIT,151.05,100,1727,1029
1764299021409,NVDA,SELL,LIMIT,151.11,1000,1728,1043
1764299021446,NVDA,BUY,LIMIT,151.06,2000,1729,1061
1764299021487,NVDA,SELL,LIMIT,151.06,1000,1730,1002
1764299021499,NVDA,BUY,LIMIT,150.94,2000,1731,1041
1764299021564,NVDA,SELL,LIMIT,151.05,2000,1732,1009
1764299021664,NVDA,BUY,LIMIT,150.83,5000,1733,1057
1764299021699,NVDA,SELL,MARKET,0.0,5000,1734,1009
1764299021700,NVDA,SELL,LIMIT,150.86,500,1735,1097
1764299021701,NVDA,BUY,LIMIT,150.86,200,1736,1093
1764299021750,NVDA,BUY,LIMIT,150.81,1000,1737,1023
1764299021774,NVDA,BUY,LIMIT,150.73,5000,1738,1042
1764299021852,NVDA,SELL,LIMIT,150.87,200,1739,1006
1764299021873,NVDA,SELL,LIMIT,150.97,2000,1740,1042
1764299021964,NVDA,BUY,LIMIT,150.84,500,1741,1068
1764299022034,NVDA,BUY,MARKET,0.0,5000,1742,1033
1764299022060,NVDA,SELL,LIMIT,150.9,1000,1743,1057
1764299022131,NVDA,BUY,LIMIT,150.81,2000,1744,1021
1764299022158,NVDA,BUY,LIMIT,150.81,100,1745,1093
1764299022201,NVDA,BUY,LIMIT,150.73,200,1746,1083
1764299022240,NVDA,SELL,LIMIT,150.9,100,1747,1044
1764299022269,NVDA,BUY,MARKET,0.0,2000,1748,1003
1764299022318,NVDA,BUY,LIMIT,150.8,500,1749,1088
1764299022387,NVDA,BUY,LIMIT,150.79,100,1750,1044
1764299022434,NVDA,SELL,LIMIT,150.85,5000,1751,1049
1764299022444,NVDA,SELL,LIMIT,150.85,2000,1752,1009
1764299022497,NVDA,BUY,LIMIT,150.76,200,1753,1084
1764299022550,NVDA,SELL,LIMIT,150.91,200,1754,1064
1764299022586,NVDA,SELL,LIMIT,150.92,5000,1755,1039
1764299022661,NVDA,SELL,LIMIT,150.83,200,1756,1064
1764299022663,NVDA,BUY,LIMIT,150.73,500,1757,1081
1764299022668,NVDA,BUY,LIMIT,150.81,100,1758,1037
1764299022763,NVDA,BUY,LIMIT,150.79,5000,1759,1051
1764299022813,NVDA,SELL,LIMIT,150.95,500,1760,1098
1764299022833,NVDA,SELL,LIMIT,150.89,2000,1761,1001
1764299022919,NVDA,BUY,LIMIT,150.64,100,1762,1051
1764299022932,NVDA,BUY,LIMIT,150.66,1000,1763,1040
1764299022978,NVDA,SELL,LIMIT,150.86,2000,1764,1083
1764299022985,NVDA,BUY,LIMIT,150.69,1000,1765,1022
1764299023027,NVDA,SELL,LIMIT,150.76,2000,1766,1067
1764299023037,NVDA,BUY,LIMIT,150.73,1000,1767,1014
1764299023062,NVDA,SELL,LIMIT,150.92,200,1768,1046
1764299023087,NVDA,BUY,LIMIT,150.73,2000,1769,1073
1764299023138,NVDA,BUY,LIMIT,150.78,100,1770,1054
1764299023236,NVDA,BUY,MARKET,0.0,200,1771,1036
1764299023245,NVDA,BUY,LIMIT,150.89,100,1772,1071
1764299023246,NVDA,BUY,LIMIT,150.82,1000,1773,1091
1764299023260,NVDA,BUY,LIMIT,150.7,5000,1774,1089
1764299023347,NVDA,BUY,LIMIT,150.68,1000,1775,1069
1764299023379,NVDA,SELL,MARKET,0.0,1000,1776,1041
1764299023457,NVDA,BUY,MARKET,0.0,5000,1777,1022
1764299023466,NVDA,BUY,LIMIT,150.66,500,1778,1010
1764299023522,NVDA,BUY,LIMIT,150.59,5000,1779,1081
1764299023596,NVDA,SELL,MARKET,0.0,100,1780,1095
1764299023649,NVDA,SELL,LIMIT,150.8,100,1781,1097
1764299023702,NVDA,BUY,LIMIT,150.64,5000,1782,1019
1764299023776,NVDA,SELL,LIMIT,150.88,200,1783,1033
1764299023853,NVDA,BUY,LIMIT,150.65,500,1784,1083
1764299023899,NVDA,SELL,LIMIT,150.66,200,1785,1048
1764299023990,NVDA,SELL,LIMIT,150.78,100,1786,1084
1764299023999,NVDA,SELL,LIMIT,150.8,5000,1787,1046
1764299024014,NVDA,SELL,MARKET,0.0,100,1788,1046
1764299024025,NVDA,BUY,LIMIT,150.75,5000,1789,1096
1764299024091,NVDA,SELL,LIMIT,150.75,2000,1790,1081
1764299024174,NVDA,SELL,LIMIT,150.67,5000,1791,1011
1764299024261,NVDA,SELL,LIMIT,150.54,200,1792,1001
1764299024323,NVDA,BUY,LIMIT,150.47,200,1793,1005
1764299024394,NVDA,SELL,LIMIT,150.58,1000,1794,1094
1764299024407,NVDA,SELL,MARKET,0.0,1000,1795,1078
1764299024486,NVDA,SELL,MARKET,0.0,1000,1796,1040
1764299024514,NVDA,BUY,MARKET,0.0,2000,1797,1078
1764299024522,NVDA,SELL,LIMIT,150.53,500,1798,1044
1764299024581,NVDA,BUY,LIMIT,150.43,2000,1799,1003
1764299024630,NVDA,BUY,LIMIT,150.45,5000,1800,1067
1764299024657,NVDA,SELL,MARKET,0.0,5000,1801,1083
1764299024739,NVDA,BUY,MARKET,0.0,100,1802,1075
1764299024779,NVDA,BUY,MARKET,0.0,1000,1803,1096
1764299024863,NVDA,SELL,LIMIT,150.53,2000,1804,1069
1764299024916,NVDA,BUY,LIMIT,150.34,2000,1805,1059
1764299024927,NVDA,SELL,LIMIT,150.36,2000,1806,1000
1764299025000,NVDA,BUY,LIMIT,150.28,1000,1807,1087
1764299025092,NVDA,BUY,MARKET,0.0,1000,1808,1005
1764299025128,NVDA,SELL,MARKET,0.0,100,1809,1052
1764299025218,NVDA,SELL,LIMIT,150.47,200,1810,1067
1764299025254,NVDA,SELL,LIMIT,150.38,200,1811,1020
1764299025285,NVDA,SELL,LIMIT,150.36,2000,1812,1045
1764299025377,NVDA,SELL,LIMIT,150.29,200,1813,1089
1764299025420,NVDA,BUY,LIMIT,150.19,500,1814,1020
1764299025436,NVDA,BUY,LIMIT,150.26,500,1815,1014
1764299025492,NVDA,SELL,LIMIT,150.25,5000,1816,1059
1764299025588,NVDA,BUY,LIMIT,150.15,1000,1817,1083
1764299025599,NVDA,SELL,LIMIT,150.34,1000,1818,1007
1764299025629,NVDA,SELL,LIMIT,150.47,100,1819,1041
1764299025640,NVDA,SELL,LIMIT,150.53,200,1820,1017
1764299025646,NVDA,SELL,LIMIT,150.48,5000,1821,1029
1764299025672,NVDA,BUY,LIMIT,150.43,5000,1822,1061
1764299025725,NVDA,BUY,LIMIT,150.45,200,1823,1092
1764299025768,NVDA,BUY,LIMIT,150.49,5000,1824,1094
1764299025827,NVDA,SELL,LIMIT,150.47,2000,1825,1070
1764299025877,NVDA,BUY,MARKET,0.0,2000,1826,1041
1764299025957,NVDA,SELL,LIMIT,150.64,100,1827,1097
1764299025998,NVDA,BUY,MARKET,0.0,5000,1828,1061
1764299026045,NVDA,BUY,LIMIT,150.65,5000,1829,1094
1764299026113,NVDA,BUY,MARKET,0.0,500,1830,1054
1764299026124,NVDA,SELL,LIMIT,150.89,200,1831,1002
1764299026203,NVDA,BUY,LIMIT,150.7,500,1832,1008
1764299026221,NVDA,BUY,MARKET,0.0,2000,1833,1082
1764299026266,NVDA,SELL,MARKET,0.0,1000,1834,1006
1764299026337,NVDA,BUY,MARKET,0.0,100,1835,1055
1764299026416,NVDA,SELL,MARKET,0.0,2000,1836,1037
1764299026469,NVDA,SELL,LIMIT,150.56,1000,1837,1061
1764299026522,NVDA,SELL,LIMIT,150.43,100,1838,1019
1764299026528,NVDA,SELL,LIMIT,150.34,2000,1839,1065
1764299026610,NVDA,BUY,LIMIT,150.21,500,1840,1036
1764299026669,NVDA,SELL,MARKET,0.0,5000,1841,1050
1764299026765,NVDA,SELL,LIMIT,150.38,200,1842,1100
1764299026862,NVDA,BUY,LIMIT,150.39,1000,1843,1010
1764299026934,NVDA,SELL,LIMIT,150.43,2000,1844,1052
1764299026992,NVDA,BUY,LIMIT,150.21,200,1845,1082
1764299027042,NVDA,SELL,LIMIT,150.24,100,1846,1065
1764299027094,NVDA,SELL,MARKET,0.0,500,1847,1043
1764299027154,NVDA,BUY,LIMIT,150.21,1000,1848,1087
1764299027235,NVDA,BUY,MARKET,0.0,100,1849,1029
1764299027252,NVDA,SELL,LIMIT,150.36,100,1850,1093
1764299027267,NVDA,SELL,LIMIT,150.41,100,1851,1055
1764299027313,NVDA,BUY,LIMIT,150.32,200,1852,1045
1764299027341,NVDA,SELL,MARKET,0.0,200,1853,1054
1764299027418,NVDA,SELL,LIMIT,150.44,2000,1854,1038
1764299027505,NVDA,BUY,LIMIT,150.34,1000,1855,1005
1764299027556,NVDA,BUY,LIMIT,150.45,200,1856,1062
1764299027627,NVDA,BUY,LIMIT,150.37,200,1857,1089
1764299027633,NVDA,BUY,MARKET,0.0,100,1858,1049
1764299027733,NVDA,BUY,MARKET,0.0,500,1859,1097
1764299027746,NVDA,SELL,LIMIT,150.5,500,1860,1002
1764299027750,NVDA,BUY,LIMIT,150.49,5000,1861,1076
1764299027837,NVDA,BUY,MARKET,0.0,2000,1862,1011
1764299027936,NVDA,BUY,LIMIT,150.38,2000,1863,1096
1764299027953,NVDA,SELL,LIMIT,150.5,100,1864,1054
1764299028047,NVDA,SELL,MARKET,0.0,1000,1865,1053
1764299028086,NVDA,SELL,LIMIT,150.48,100,1866,1032
1764299028145,NVDA,SELL,LIMIT,150.39,200,1867,1024
1764299028197,NVDA,SELL,LIMIT,150.46,500,1868,1074
1764299028239,NVDA,BUY,LIMIT,150.24,2000,1869,1010
1764299028298,NVDA,BUY,LIMIT,150.42,500,1870,1054
1764299028324,NVDA,BUY,LIMIT,150.4,500,1871,1050
1764299028325,NVDA,BUY,MARKET,0.0,100,1872,1030
1764299028347,NVDA,BUY,LIMIT,150.42,200,1873,1046
1764299028375,NVDA,SELL,LIMIT,150.52,200,1874,1083
1764299028472,NVDA,SELL,LIMIT,150.48,2000,1875,1061
1764299028485,NVDA,SELL,LIMIT,150.48,200,1876,1009
1764299028580,NVDA,SELL,LIMIT,150.47,200,1877,1028
1764299028676,NVDA,BUY,LIMIT,150.46,2000,1878,1097
1764299028725,NVDA,SELL,LIMIT,150.67,100,1879,1062
1764299028802,NVDA,SELL,LIMIT,150.51,100,1880,1033
1764299028891,NVDA,BUY,LIMIT,150.53,100,1881,1005
1764299028940,NVDA,SELL,LIMIT,150.58,200,1882,1031
1764299028972,NVDA,BUY,LIMIT,150.43,5000,1883,1016
1764299029023,NVDA,BUY,LIMIT,150.3,2000,1884,1049
1764299029103,NVDA,SELL,LIMIT,150.4,100,1885,1048
1764299029187,NVDA,BUY,LIMIT,150.34,1000,1886,1037
1764299029209,NVDA,SELL,LIMIT,150.44,2000,1887,1085
1764299029300,NVDA,BUY,MARKET,0.0,200,1888,1029
1764299029399,NVDA,BUY,LIMIT,150.32,500,1889,1068
1764299029445,NVDA,SELL,MARKET,0.0,100,1890,1008
1764299029466,NVDA,SELL,LIMIT,150.44,2000,1891,1021
1764299029512,NVDA,BUY,LIMIT,150.2,2000,1892,1035
1764299029571,NVDA,SELL,LIMIT,150.29,1000,1893,1079
1764299029593,NVDA,SELL,LIMIT,150.3,2000,1894,1100
1764299029677,NVDA,SELL,LIMIT,150.33,2000,1895,1006
1764299029738,NVDA,BUY,LIMIT,150.2,2000,1896,1031
1764299029762,NVDA,BUY,LIMIT,150.11,1000,1897,1067
1764299029814,NVDA,SELL,LIMIT,150.24,100,1898,1026
1764299029885,NVDA,BUY,MARKET,0.0,2000,1899,1024
1764299029927,NVDA,BUY,LIMIT,150.12,100,1900,1044
1764299029961,NVDA,BUY,LIMIT,150.15,500,1901,1015
1764299030027,NVDA,SELL,MARKET,0.0,2000,1902,1095
1764299030034,NVDA,SELL,LIMIT,150.33,2000,1903,1062
1764299030055,NVDA,BUY,LIMIT,150.15,200,1904,1030
1764299030117,NVDA,BUY,MARKET,0.0,5000,1905,1072
1764299030198,NVDA,BUY,LIMIT,150.3,500,1906,1073
1764299030243,NVDA,SELL,LIMIT,150.4,1000,1907,1056
1764299030260,NVDA,BUY,LIMIT,150.23,5000,1908,1040
1764299030347,NVDA,BUY,LIMIT,150.21,1000,1909,1030
1764299030375,NVDA,BUY,MARKET,0.0,1000,1910,1071
1764299030444,NVDA,SELL,MARKET,0.0,5000,1911,1025
1764299030461,NVDA,SELL,LIMIT,150.2,500,1912,1017
1764299030537,NVDA,BUY,MARKET,0.0,2000,1913,1056
1764299030634,NVDA,SELL,LIMIT,150.26,2000,1914,1072
1764299030648,NVDA,BUY,LIMIT,150.16,2000,1915,1088
1764299030693,NVDA,BUY,LIMIT,150.22,100,1916,1059
1764299030735,NVDA,SELL,LIMIT,150.27,2000,1917,1096
1764299030832,NVDA,SELL,LIMIT,150.21,100,1918,1029
1764299030861,NVDA,BUY,LIMIT,150.15,100,1919,1009
1764299030906,NVDA,SELL,LIMIT,150.19,5000,1920,1050
1764299030990,NVDA,SELL,LIMIT,150.1,100,1921,1016
1764299031065,NVDA,BUY,MARKET,0.0,5000,1922,1065
1764299031119,NVDA,BUY,LIMIT,150.0,100,1923,1092
1764299031143,NVDA,BUY,LIMIT,150.06,500,1924,1074
1764299031218,NVDA,SELL,LIMIT,150.22,100,1925,1051
1764299031284,NVDA,SELL,LIMIT,150.19,1000,1926,1059
1764299031349,NVDA,BUY,LIMIT,150.13,500,1927,1089
1764299031447,NVDA,BUY,LIMIT,150.16,5000,1928,1070
1764299031515,NVDA,SELL,LIMIT,150.18,100,1929,1045
1764299031564,NVDA,BUY,LIMIT,150.03,500,1930,1034
1764299031639,NVDA,BUY,LIMIT,150.01,1000,1931,1066
1764299031703,NVDA,BUY,LIMIT,149.95,200,1932,1091
1764299031777,NVDA,SELL,LIMIT,150.04,500,1933,1070
1764299031833,NVDA,SELL,LIMIT,150.14,500,1934,1025
1764299031872,NVDA,SELL,LIMIT,150.05,500,1935,1056
1764299031883,NVDA,BUY,LIMIT,149.98,100,1936,1085
1764299031967,NVDA,BUY,LIMIT,149.85,100,1937,1053
1764299032054,NVDA,BUY,MARKET,0.0,500,1938,1066
1764299032107,NVDA,BUY,MARKET,0.0,100,1939,1019
1764299032151,NVDA,SELL,MARKET,0.0,1000,1940,1049
1764299032204,NVDA,SELL,MARKET,0.0,100,1941,1076
1764299032219,NVDA,BUY,LIMIT,149.84,500,1942,1032
1764299032240,NVDA,SELL,LIMIT,149.91,5000,1943,1018
1764299032253,NVDA,SELL,MARKET,0.0,100,1944,1099
1764299032345,NVDA,BUY,LIMIT,149.88,500,1945,1100
1764299032402,NVDA,SELL,LIMIT,150.02,2000,1946,1008
1764299032444,NVDA,SELL,LIMIT,150.13,100,1947,1002
1764299032493,NVDA,BUY,LIMIT,149.9,5000,1948,1085
1764299032574,NVDA,SELL,LIMIT,150.04,500,1949,1087
1764299032575,NVDA,BUY,LIMIT,150.05,1000,1950,1032
1764299032654,NVDA,SELL,LIMIT,150.24,2000,1951,1025
1764299032684,NVDA,BUY,LIMIT,150.16,100,1952,1052
1764299032725,NVDA,SELL,MARKET,0.0,500,1953,1032
1764299032816,NVDA,SELL,LIMIT,150.25,100,1954,1013
1764299032824,NVDA,SELL,MARKET,0.0,5000,1955,1062
1764299032872,NVDA,SELL,LIMIT,150.16,500,1956,1084
1764299032873,NVDA,BUY,LIMIT,150.12,500,1957,1045
1764299032907,NVDA,BUY,LIMIT,150.14,200,1958,1050
1764299032957,NVDA,SELL,LIMIT,150.25,100,1959,1046
1764299032965,NVDA,BUY,LIMIT,150.23,2000,1960,1001
1764299033032,NVDA,SELL,LIMIT,150.31,5000,1961,1084
1764299033094,NVDA,BUY,LIMIT,150.14,100,1962,1056
